1950 3256
892 179 948 223 76

171 298 359 350 vocavit,
409 312 666 354 quamquam
708 313 803 341 eum
846 300 946 343 locis
993 300 1210 344 nonnullis
1259 301 1433 347 nimiam
1472 302 1509 345 ei
1550 302 1674 346 fidem

172 369 372 414 tribuisse
404 370 698 415 concessimus.

293 441 384 485 Iam
418 445 560 486 autem
594 445 642 485 ut
670 457 877 487 summam
902 444 1107 487 faciamus
1129 458 1273 487 eorum
1298 460 1406 501 quae
1430 447 1566 490 tribus
1589 446 1675 489 dis-

171 515 408 571 putationis
434 517 606 559 nostrae
629 515 825 571 partibus
849 516 1133 571 exposuimus,
1158 516 1202 559 in
1225 517 1490 561 recensendis
1513 517 1675 561 Catulli

171 586 431 630 carminibus
464 587 565 631 libri
607 603 630 630 a
665 586 938 631 Laohmanno
979 586 1163 630 adhibiti
1202 588 1410 633 abiciendi
1442 604 1527 632 non
1559 592 1672 641 sunt,

169 659 240 703 sed
274 660 333 702 eis
366 660 547 704 addendi
578 659 767 703 codicum
793 659 1138 703 Catullianorum
1169 660 1286 702 nullo
1318 654 1538 704 inferiores
1560 660 1596 704 G
1630 664 1674 704 et

170 731 226 782 03
268 747 352 787 qua
386 746 431 774 re
463 734 698 788 apparatus
740 731 910 788 quidem
943 731 1116 775 criticus
1147 737 1351 789 augetur,
1392 734 1462 776 sed
1494 748 1519 775 a
1550 735 1673 776 textu

169 818 294 858 quem
345 804 643 848 Lachmannus
691 803 919 848 constituit
965 817 1063 846 raro
1110 804 1390 847 recedendum
1438 808 1524 856 est,
1577 819 1673 847 oum

168 890 311 919 omnes
335 875 498 920 Catulli
529 876 767 919 carminum
799 875 962 918 codices
994 889 1045 917 ex
1067 875 1213 918 eodem
1235 876 1469 933 archetypo
1492 878 1674 920 derivati

169 962 252 991 nou
285 947 511 992 admodum
544 949 672 1006 longe
705 947 818 991 inter
841 962 884 990 se
917 947 1080 990 distent
1112 950 1156 990 et
1186 947 1387 1004 plurima,
1420 964 1529 1004 quae
1562 949 1600 992 G
1631 952 1674 992 et

171 1020 206 1063 O
231 1035 338 1063 nova
371 1024 414 1063 et
446 1021 558 1063 bona
591 1019 837 1072 exhibeant,
871 1020 956 1063 iam
989 1022 1116 1063 antea
1148 1019 1359 1063 Italorum
1393 1022 1458 1065 vel
1492 1021 1672 1065 aliorum

169 1093 355 1135 virorum
398 1092 618 1135 doctorum
659 1092 914 1135 coniecturis
953 1093 1129 1135 inventa
1165 1092 1340 1136 fuerint·⁴
1405 1093 1673 1149 Quamquam

169 1165 304 1222 igitur
325 1164 626 1208 Lachmannus
660 1164 839 1221 singulis
872 1164 1127 1220 quibusdam
1158 1165 1262 1207 locis
1293 1167 1384 1206 tum
1417 1165 1527 1220 quod
1559 1164 1672 1208 codi-

167 1252 262 1280 cum
295 1236 332 1280 G
365 1240 408 1280 et
440 1236 476 1280 O
518 1251 596 1292 ope
630 1238 863 1281 destitutus
897 1239 1012 1288 erat,
1053 1238 1148 1280 tum
1180 1237 1291 1292 quod
1322 1237 1495 1280 Datano
1527 1237 1674 1292 paullo

168 1310 375 1354 maiorem
417 1324 545 1366 quam
577 1323 656 1364 par
687 1311 781 1352 erat
813 1309 942 1352 fidem
975 1309 1213 1361 tribuebat,
1254 1325 1278 1352 a
1312 1323 1411 1351 vero
1443 1308 1670 1361 aberravit,

173 1382 456 1426 fundamenta
503 1384 645 1424 tamen
693 1395 803 1437 quae
848 1382 922 1425 ille
977 1381 1075 1424 iecit
1118 1381 1256 1424 adhuc
1301 1383 1416 1424 stare
1463 1380 1672 1422 confiten-

167 1454 267 1498 dum
299 1457 377 1499 est.
