1950 3256
919 167 975 209 32

194 286 344 328 borum
375 285 732 328 constructionem
765 285 1094 341 grammaticam
1127 290 1387 343 spectamus3
1420 287 1488 331 sin
1520 290 1693 332 senten-

194 358 352 400 tiarum
392 371 547 398 nexum
585 358 852 413 respicimus,
894 372 1030 412 neque
1070 358 1172 413 quid
1211 359 1347 403 ironia
1378 360 1458 404 hoc
1490 361 1581 404 loco
1613 360 1695 404 sibi

194 430 297 472 velit
329 429 432 472 satis
465 431 646 485 apparet
678 443 815 484 neque
847 429 1019 472 omnino
1050 428 1281 485 explicatio
1312 430 1390 474 illa
1421 432 1526 476 satis
1557 432 1696 476 facere

191 504 344 557 potest.
405 500 699 544 Cei-tissimum
732 501 844 543 enim
879 503 945 543 est
974 502 1163 556 primum
1194 516 1363 546 versum
1394 519 1488 547 cum
1522 505 1564 547 in
1597 505 1695 548 uni-

195 587 362 616 versum
401 572 664 615 simillimam
704 573 843 615 versui
884 573 1009 615 alteri
1057 573 1256 617 habuisse
1293 577 1571 629 sententiam,
1614 577 1695 620 nisi

191 644 304 700 quod
343 644 389 686 in
427 644 503 687 illo
543 645 593 687 de
637 645 774 696 hirco,
816 643 861 688 in
903 645 983 688 hoc
1015 645 1065 688 de
1097 645 1288 703 podagra
1320 648 1550 703 agebatur,
1600 651 1695 691 tum

190 717 400 772 imprimis
439 730 539 759 voce
578 715 726 757 similis
767 718 975 770 notionis,
1024 717 1142 761 cuius
1180 717 1224 759 in
1265 718 1402 762 altero
1441 723 1584 763 merito
1615 724 1693 772 est,

190 803 286 831 eum
318 803 461 832 carere
493 802 580 830 non
611 788 812 844 potuisse.
877 789 1095 845 Hauptius
1128 789 1319 844 quidem,
1358 805 1619 848 quamquam
1650 794 1695 835 et

195 861 285 916 ipse
318 861 559 903 huiusmodi
591 874 733 903 vocem
768 861 997 916 desiderat,
1040 865 1182 905 tamen
1214 864 1421 905 concessit
1451 878 1575 919 posse
1607 864 1695 907 for-

191 936 303 976 tasse
351 934 546 977 voculam
593 935 735 976 merito
784 932 922 975 altero
970 948 1093 977 versu
1140 935 1326 989 positam
1373 935 1426 978 ad
1463 939 1694 991 utrumque

190 1006 417 1061 respicere;
466 1005 570 1047 mihi
618 1021 672 1048 ne
708 1005 788 1048 hoc
826 1004 996 1060 quidem
1029 1006 1341 1048 concedendum
1375 1007 1565 1056 videtur3
1613 1005 1694 1049 hac

191 1078 302 1119 enim
320 1079 470 1121 vocula
487 1079 615 1133 primi
628 1093 769 1121 versus
785 1092 867 1120 non
886 1078 1026 1120 minus
1035 1093 1164 1133 quam
1177 1078 1354 1120 alterius
1363 1077 1427 1120 vis
1436 1077 1693 1129 continetur,

189 1149 270 1193 hac
303 1152 453 1193 vocula
494 1151 649 1192 nititur
687 1150 846 1192 ironice
877 1149 1067 1204 positum
1098 1150 1205 1192 illud
1237 1153 1406 1204 mirifice
1438 1149 1548 1205 quod
1582 1148 1694 1192 infra¹

188 1222 394 1274 infertum
437 1238 486 1265 ea
525 1223 661 1280 igitur
694 1236 821 1278 aegre
853 1225 897 1264 in
930 1223 1068 1277 primo
1100 1237 1224 1264 versu
1257 1237 1468 1272 caremus;
1514 1235 1693 1276 eamque

189 1295 474 1338 nanciscimur
519 1297 751 1351 probantes
798 1309 927 1350 quam
969 1294 1186 1349 Hauptius
1234 1295 1435 1350 probavit
1481 1293 1690 1336 Italorum

187 1367 474 1410 coniecturam
505 1371 541 1409 si
573 1370 668 1423 quoi
699 1370 788 1409 iure
820 1370 937 1410 bono.
987 1366 1037 1408 In
1060 1367 1179 1409 exitu
1199 1367 1328 1422 primi
1349 1380 1495 1409 versus
1516 1365 1692 1408 Ellisius

188 1439 381 1495 Hauptio
421 1440 682 1495 astipulatus
722 1443 799 1491 est,
848 1439 920 1482 sed
960 1438 1245 1482 Baehrensius
1285 1439 1402 1482 nisus
1442 1439 1583 1482 codice
1615 1452 1691 1480 suo

189 1510 441 1564 Oxoniensi,
480 1513 554 1567 qui
591 1528 669 1568 pro
707 1514 944 1555 ceterorum
984 1511 1192 1554 librorum
1227 1511 1442 1566 scriptura
1472 1524 1690 1553 sacrorum

188 1584 365 1639 praebet
410 1591 692 1635 sacratorum,
737 1585 796 1626 sic
843 1599 1012 1627 versum
1049 1599 1074 1626 a
1113 1583 1284 1626 Catullo
1322 1581 1561 1638 profectum
1603 1596 1692 1625 esse

188 1655 269 1698 sibi
300 1656 536 1711 persuasit:

403 1730 448 1770 Si
479 1731 589 1783 quoi,
629 1730 760 1781 Virro,
794 1730 898 1772 bono
929 1735 1193 1772 sacratorum
1225 1729 1377 1771 obstitit
1408 1729 1560 1771 hircus.

187 1799 304 1849 Quae
336 1801 464 1843 verba
496 1802 704 1856 quomodo
737 1801 801 1844 vir
830 1801 979 1844 doctus
1000 1801 1198 1858 intellegi
1219 1800 1336 1851 velit,
1370 1814 1447 1842 nec
1469 1799 1559 1854 ipse
1582 1798 1686 1842 dicit

189 1886 264 1915 nec
303 1872 410 1914 mihi
450 1875 553 1916 satis
602 1877 785 1919 constat.
850 1872 1066 1917 Firmatur
1113 1875 1254 1915 autem
1303 1871 1515 1927 scriptura
1562 1886 1690 1926 quam

186 1943 403 2001 Hauptius
443 1947 709 1989 commendat
740 1962 862 1990 sacer
893 1949 1056 1989 alarum
1089 1948 1239 1988 obstitit
1270 1947 1421 1993 hircus?
1444 1943 1521 1986 hoc
1550 1942 1690 1986 Ovidii

187 2018 279 2060 loco
310 2018 410 2063 fast.
442 2017 486 2059 II
519 2018 627 2061 441:

403 2093 576 2134 Italidas
608 2098 774 2143 matres,
807 2094 950 2146 inquit,
983 2106 1103 2134 sacer
1134 2092 1272 2133 hircus
1303 2092 1415 2141 inito,

186 2177 270 2205 non
304 2162 547 2206 testimonio
578 2163 731 2206 Isidori
763 2163 1043 2219 Hispalensis,
1084 2163 1158 2218 qui
1189 2163 1234 2204 in
1266 2163 1376 2204 libro
1409 2161 1459 2203 de
1491 2160 1690 2203 differen—

186 2234 258 2277 tiis
317 2237 521 2277 sermonis
584 2236 733 2279 laudat
786 2237 916 2279 verba
968 2251 1088 2278 sacer
1141 2238 1278 2277 hircus
1330 2249 1415 2276 non
1467 2231 1687 2274 nominato

187 2308 412 2362 scriptore;
461 2308 496 2351 is
543 2309 653 2350 enim
702 2324 799 2361 non,
848 2311 896 2350 ut
942 2308 1159 2364 Hauptius
1207 2305 1524 2361 suspicabatur,
1574 2304 1689 2346 hunc

189 2377 349 2420 Catulli
396 2379 550 2431 locum,
599 2381 668 2423 sed
707 2382 852 2436 potius
894 2380 1094 2424 Ovidium
1134 2379 1304 2422 videtur
1342 2377 1574 2432 respexisse
1615 2375 1689 2432 (cf.

186 2449 307 2493 Ellis.
347 2451 435 2495 ed.²
482 2467 521 2507 p.
557 2451 620 2494 VI
659 2468 757 2497 ann.
798 2453 859 2508 3).
923 2452 1143 2495 Firmatur
1185 2453 1328 2493 autem
1367 2464 1488 2491 sacer
1527 2451 1689 2491 alarum

185 2526 409 2578 praetcrea
426 2524 639 2579 scriptura
657 2525 810 2567 codicis
830 2524 1144 2568 osam-amram
1176 2522 1418 2565 exhibentis
1451 2521 1610 2563 litteris
1644 2527 1686 2563 at

185 2595 432 2650 compendio
464 2596 649 2652 scriptis.
704 2596 814 2639 Nam
847 2597 958 2652 quod
992 2597 1148 2638 mirum
1180 2593 1314 2637 videri
1345 2596 1533 2648 poterat,
1566 2607 1688 2636 sacer

186 2670 347 2710 alarum
385 2668 431 2710 in
469 2683 684 2711 sacrorum
716 2671 964 2724 corruptum
987 2683 1093 2720 esse,
1134 2669 1176 2711 id
1207 2682 1291 2722 qua
1323 2666 1490 2709 ratione
1522 2665 1686 2708 factum

185 2742 242 2783 sit
274 2755 326 2783 ex
359 2741 439 2784 hac
471 2741 685 2796 scriptura
718 2741 801 2784 iam
834 2741 1015 2784 dilucide
1048 2739 1319 2795 perspicitur.

305 2826 407 2877 97‚3
