1950 3256
914 166 970 210 58

200 283 314 324 tibris
362 285 533 326 omissus
582 286 679 338 quin
717 298 744 325 a
786 285 943 326 Catullo
980 287 1191 339 profectus
1227 288 1279 328 sit
1318 294 1355 328 et
1393 294 1564 342 propter
1602 291 1702 331 illud

197 356 382 407 futurum
415 362 608 397 eoactum
642 357 812 398 audiero
844 371 965 398 sensu
996 358 1196 400 subtiliori
1226 360 1400 412 positum
1430 375 1551 414 quam
1584 376 1700 415 quem

196 428 467 481 interpolator
516 429 682 482 quidam
716 431 977 483 repperisset,
1027 435 1064 470 et
1103 437 1274 484 propter
1321 433 1510 473 lacunam
1558 447 1699 475 versus

196 501 314 541 liuius
345 502 387 541 in
419 501 586 542 Datano
618 507 655 541 et
678 501 869 542 Parisino
901 502 1040 555 priore
1072 508 1280 544 extantem
1310 504 1352 544 in
1385 505 1555 558 aliisque
1587 505 1701 548 libris

197 573 316 612 vario
348 573 468 614 modo
501 574 707 626 eoepletam
740 574 922 614 dubitari
953 588 1034 615 non
1063 580 1210 628 potest.
1258 573 1403 630 Atque
1433 574 1539 618 haec
1561 576 1700 620 altera

196 643 320 694 ratio,
355 646 404 685 ut
435 643 553 699 prius
586 645 636 686 de
669 644 750 686 hac
788 645 1005 698 disseram,
1039 660 1122 688 nou
1154 648 1268 688 recte
1301 646 1494 689 videatur
1525 662 1699 703 prorsus

199 716 436 771 spernenda
485 730 588 758 esse.
666 715 816 758 Potuit
864 717 1055 772 quidem,
1104 718 1190 760 sive
1239 733 1263 760 a
1301 716 1472 760 Catullo
1517 719 1606 761 sive
1643 720 1698 762 ab

196 787 506 842 interpolatore
554 802 699 830 versus
747 787 821 829 ille
865 788 1084 844 profectus
1130 792 1216 842 est,
1257 789 1369 841 fieri,
1409 792 1459 831 ut
1497 789 1697 833 librarius

196 873 339 901 vocem
386 860 576 915 aliquam
615 860 756 915 spatio
797 860 947 902 relicto
978 861 1219 914 omitteret,
1260 861 1371 916 quod
1410 862 1452 903 iu
1493 876 1541 905 eo
1573 862 1698 914 libro,

194 946 246 973 ex
294 946 377 986 quo
425 931 714 984 describebat,
765 933 1062 988 neglegentius
1111 933 1271 988 scripta
1312 937 1440 986 esset,
1482 949 1610 989 quam
1648 937 1698 977 ut

193 1003 317 1046 facile
366 1003 453 1060 legi
500 1007 653 1059 posset.
717 1002 798 1047 Sed
839 1005 986 1060 paullo
1026 1004 1291 1061 probabilius
1330 1007 1395 1046 est
1433 1020 1578 1048 vocem
1617 1006 1696 1049 tali

193 1075 317 1118 modo
363 1075 637 1119 obliteratam
685 1077 728 1118 in
774 1076 914 1119 codice
962 1078 1130 1119 vetusto
1177 1078 1221 1118 et
1267 1075 1436 1133 integro
1484 1092 1612 1133 quam
1650 1078 1697 1121 in

196 1162 320 1190 versu
365 1163 509 1192 recens
551 1150 604 1192 ab
644 1149 956 1204 interpolatore
997 1148 1211 1203 adscripto
1253 1149 1458 1192 extitisse.
1520 1149 1697 1194 Accedit

194 1235 291 1263 usus
324 1221 462 1263 futuri
502 1223 640 1264 exacti
679 1222 864 1263 audiero.
927 1220 1121 1263 Utuntur
1153 1221 1265 1262 enim
1298 1219 1443 1263 Latini
1475 1223 1555 1267 hoc
1586 1225 1698 1265 tem-

191 1307 295 1348 pore
327 1294 540 1349 saepicule
572 1292 646 1344 ibi,
679 1293 751 1334 ubi
784 1307 859 1335 nos
891 1293 1072 1348 simplex
1104 1291 1295 1334 futurum
1326 1292 1590 1344 adhibemus,
1623 1291 1695 1348 (cf.
1739 1349 1743 1352 ἡ

192 1363 382 1422 Madvig.
424 1380 493 1420 op.
534 1364 664 1420 prior.
705 1380 748 1420 p.
790 1364 866 1422 97)
897 1365 1149 1420 plerumque
1182 1363 1264 1416 ita,
1305 1367 1353 1406 ut
1384 1364 1594 1406 indicetur
1625 1379 1695 1406 ac-

192 1438 354 1480 tionem
388 1438 578 1492 aliquam
603 1437 717 1479 haud
740 1437 866 1480 dubie
889 1437 1092 1491 nullaque
1115 1450 1233 1478 mora
1255 1436 1512 1492 interposita
1533 1436 1696 1479 factum

195 1509 262 1564 iri,
296 1511 431 1553 veluti
465 1508 550 1552 Cic.
586 1509 638 1552 ad
670 1509 766 1552 Att.
801 1509 1012 1561 11119,1:
1046 1523 1247 1563 nusquam
1278 1511 1445 1562 facilius
1475 1511 1583 1551 hanc
1613 1511 1695 1550 mi-

194 1584 409 1624 serrimam
448 1585 574 1624 vitam
606 1584 669 1624 vel
698 1583 933 1624 sustentabo
979 1583 1056 1632 vel,
1102 1582 1210 1636 quod
1266 1583 1389 1623 multo
1436 1588 1494 1624 est
1539 1583 1693 1634 melius,

195 1656 406 1707 abiecero,
454 1655 507 1697 ad
547 1655 642 1698 Att.
676 1652 715 1696 V
751 1654 843 1705 1‚3:
891 1660 932 1695 tu
972 1656 1103 1695 invita
1141 1656 1348 1705 nmlieres,
1388 1669 1462 1708 eqo
1505 1655 1694 1695 accivere

190 1742 354 1782 pueros,
388 1742 465 1782 pro
497 1727 643 1770 Plane.
677 1726 829 1779 3359:
871 1728 995 1768 multo
1033 1728 1150 1767 citius
1181 1740 1312 1767 meam
1343 1728 1516 1768 salutem
1547 1739 1625 1780 pro
1656 1732 1694 1766 te

194 1801 381 1842 abiecero
414 1813 536 1855 quam
572 1799 643 1842 Cn.
674 1801 833 1840 Plancii
863 1799 1034 1839 salntem
1067 1799 1278 1840 tradidero
1312 1801 1555 1841 contentioni
1585 1805 1693 1849 tuae,

193 1872 244 1914 de
275 1886 364 1927 rep.
398 1871 419 1913 I
453 1871 602 1924 132⁰:
644 1873 744 1913 nihil
774 1877 831 1912 est
865 1871 999 1911 adhuc
1040 1872 1290 1924 disputatum
1325 1877 1377 1922 et,
1410 1874 1603 1926 qnoniam
1635 1877 1694 1912 est

190 1947 412 1999 inteyrum,
452 1946 622 1986 libenter
653 1945 725 1985 tibi
766 1949 808 1984 ut
844 1944 894 1984 de
927 1956 973 1983 eo
1007 1943 1187 1984 disseras
1220 1944 1402 1996 equidem
1436 1957 1693 1993 concessero3

190 2017 406 2059 interdum
436 2020 581 2060 autem
613 2015 746 2057 etiam
773 2015 847 2066 ita,
871 2016 920 2055 ut
943 2028 1072 2068 quam
1094 2015 1147 2057 ob
1170 2029 1260 2056 rem
1282 2015 1477 2057 futurum
1497 2016 1694 2057 exactum

190 2089 374 2145 simplici
412 2090 558 2131 futuro
596 2089 841 2145 praelatum
881 2086 957 2137 sit,
1006 2101 1090 2128 nou
1131 2086 1400 2142 dispiciatur,
1438 2086 1694 2143 praesertim

190 2176 287 2204 cum
327 2162 373 2204 in
413 2163 558 2205 eodem
597 2161 822 2203 enuntiato
862 2158 981 2201 nulla
1019 2173 1146 2202 causa
1183 2160 1406 2215 perspicua
1439 2158 1492 2201 ab
1523 2172 1608 2200 uno
1640 2156 1695 2200 ad.

192 2233 379 2276 alterum
412 2234 622 2277 transitus
655 2232 747 2284 fiat,
782 2231 906 2287 Prop.
941 2230 984 2272 II
1016 2230 1214 2282 5‚21.22:

413 2309 498 2349 Nec
529 2309 600 2348 libi
630 2308 798 2360 periuro
829 2305 1056 2346 scindam
1089 2306 1138 2346 de
1169 2318 1341 2358 corpore
1373 2310 1535 2354 vestem,

477 2381 562 2421 Nec
593 2393 683 2421 mea
714 2380 956 2432 praeclusas
987 2379 1208 2431 freqerit
1239 2379 1306 2418 ira
1337 2378 1461 2430 fores.

197 2454 330 2510 Verg.
365 2453 469 2496 Aen.
503 2450 567 2494 IX
599 2450 811 2494 297298:

405 2528 590 2580 Namque
623 2526 717 2565 erit
751 2525 831 2565 ista
862 2523 957 2563 milii
987 2523 1174 2576 qenetrisv
1205 2536 1429 2576 nomenque
1464 2521 1641 2562 Creusae

406 2600 546 2639 Solum
578 2597 818 2649 defuerit.

192 2670 381 2714 Tantum
418 2670 553 2725 igitur
595 2669 736 2719 abest,
785 2670 836 2709 ut
874 2682 970 2709 cum
1004 2665 1263 2708 Baehreusio
1303 2665 1363 2720 (p.
1395 2662 1606 2720 XXVIII)
1647 2662 1691 2704 in

191 2745 434 2797 temporum
485 2742 561 2783 illa
614 2739 854 2782 mutatione
901 2739 1126 2781 haerentes
1178 2752 1346 2780 versum
1391 2735 1691 2791 interpolatori

191 2813 466 2856 tribuendum
499 2826 756 2863 censeamus,
790 2814 839 2852 ut
871 2811 913 2852 iu
947 2825 996 2852 ea
1027 2809 1334 2865 proprietatem
1367 2809 1582 2863 quandam
1603 2822 1691 2850 ser-
