1950 3256
941 179 998 220 46

215 299 303 341 tiva
337 301 380 341 et
413 298 548 340 multa
587 298 629 339 in
663 311 711 339 eo
743 311 898 353 genere
931 312 1119 343 novasse.
1184 298 1331 341 Potest
1362 299 1497 355 igitur
1529 300 1635 352 fieri,
1670 303 1719 344 ut

214 373 397 414 lecticulo
449 384 595 412 verum
647 370 724 420 sit,
778 371 922 412 lectulo
973 372 1117 413 autem
1163 371 1280 413 facili
1325 371 1531 414 scribendi
1577 387 1720 416 errore

214 447 367 487 ortum.
431 441 579 497 Neque
611 440 845 483 auctoritas
878 441 1030 484 codicis
1063 441 1099 486 Ο
1132 446 1208 486 aut
1240 445 1476 486 ceterorum
1509 444 1717 487 librorum

213 518 337 558 tanta
369 518 447 566 est,
485 516 534 555 ut
565 513 663 555 inde
696 512 910 555 dubitatio
942 514 1037 556 tolli
1070 516 1216 570 possit.

334 586 393 629 Hi
430 587 530 628 sunt
570 585 671 636 loci,
720 584 875 640 quibus
912 600 1045 640 prava
1083 586 1332 628 correctoris
1371 600 1499 641 opera
1530 587 1576 629 in
1608 587 1718 631 libro

214 659 249 703 O
282 658 572 714 deprenditur.
634 655 727 699 Iam
767 656 817 698 de
849 657 944 700 aliis
977 658 1229 712 quibusdam
1262 657 1527 711 disseremus,
1565 659 1717 714 quibus

211 732 423 786 scriptura
475 729 591 771 illius
644 729 797 771 codicis
850 744 874 771 a
927 729 1144 772 nonnullis
1195 729 1297 771 viris
1344 730 1480 773 doctis
1531 731 1718 787 genuina

211 806 410 858 putatur,
463 803 610 843 nostro
662 804 805 843 autem
858 801 1013 844 iudicio
1067 801 1194 844 meris
1247 801 1457 844 scribendi
1504 803 1716 846 erroribus

211 878 306 917 orta
338 876 422 915 est:

332 945 459 998 68‚61

329 1018 379 1060 In
412 1018 624 1061 codicibus
656 1032 802 1060 versus
836 1017 983 1059 multis
1016 1016 1150 1059 modis
1183 1020 1410 1073 corruptus
1442 1021 1527 1060 est:

423 1092 536 1132 Duce
567 1092 720 1133 viatori
753 1092 874 1132 basso
905 1092 948 1132 in
979 1090 1128 1131 sudore
1160 1091 1354 1141 levamus,

208 1164 318 1207 unde
351 1161 563 1204 Italorum
595 1162 846 1204 commentis
879 1160 981 1203 haec
1013 1161 1225 1216 scriptura
1258 1161 1411 1205 effecta
1443 1164 1526 1204 est:

423 1236 551 1277 Dulce
582 1237 761 1277 viatori
792 1236 902 1276 lasso
934 1236 975 1275 iu
1006 1235 1156 1275 sudore
1188 1236 1383 1286 levamen,

209 1320 319 1362 quae
353 1319 484 1359 usque
524 1307 576 1349 ad
608 1310 800 1349 nostram
841 1308 1028 1348 aetatem
1067 1305 1111 1347 in
1145 1306 1400 1348 editionibus
1441 1306 1714 1362 vulgabatur.

209 1377 494 1421 Baehrensius
528 1381 670 1421 autem
705 1378 857 1421 codicis
887 1377 922 1420 O
956 1379 1212 1430 testimonio,
1246 1378 1319 1433 qui
1352 1393 1377 1420 a
1409 1377 1560 1420 ceteris
1594 1378 1714 1420 libris

207 1465 255 1493 eo
288 1450 514 1505 discrepat,
547 1450 658 1505 quod
690 1453 895 1493 viatorum
927 1450 1120 1502 exhibet,
1162 1450 1367 1492 adductus
1401 1450 1514 1492 hunc
1546 1464 1713 1493 versum

206 1522 357 1565 edidit:

421 1597 548 1637 Dulce
579 1597 822 1637 viatorum
855 1608 1030 1636 crasso
1060 1595 1102 1635 in
1132 1595 1284 1636 sudore
1316 1596 1510 1636 levamen.

206 1666 287 1710 Sed
319 1668 365 1710 in
398 1667 661 1710 Fleckeiseni
693 1682 793 1709 ann.
832 1668 913 1709 117
947 1665 1081 1722 (1878
1115 1681 1155 1722 p.
1192 1666 1296 1723 769)
1329 1681 1372 1709 se
1404 1665 1627 1709 decessisse
1659 1666 1712 1709 ab

206 1739 285 1782 hae
325 1755 470 1783 versus
509 1739 646 1782 forma
685 1737 916 1793 profitetur
955 1741 999 1779 et
1036 1738 1150 1780 hunc
1188 1738 1231 1780 in
1273 1738 1444 1782 modum
1483 1752 1713 1795 argumen-

205 1812 348 1853 tatur:
390 1812 534 1854 bassus
571 1811 745 1867 linguae
785 1809 976 1864 vulgaris
1015 1809 1269 1852 adiectivum
1309 1810 1351 1852 in
1391 1810 1543 1866 glossis
1575 1809 1711 1865 expli-

205 1885 350 1925 catum
400 1883 650 1939 synonymis
699 1884 882 1937 pinquis,
936 1883 1080 1924 obesus
1131 1897 1208 1937 pro
1259 1882 1472 1938 scriptura
1524 1881 1711 1937 genuina

207 1968 350 1996 errore
381 1953 427 1996 in
458 1956 626 1997 textum
658 1953 892 2008 irrepsisse.
958 1952 1150 1997 Scribam
1183 1958 1328 1996 autem
1360 1953 1513 1996 codicis
1546 1952 1583 1995 G
1614 1968 1709 1996 cum

205 2025 250 2067 in
298 2026 531 2082 archetypo
577 2026 792 2068 inveniret
838 2028 1041 2068 viatorum
1088 2028 1210 2069 basso
1256 2029 1298 2069 iu
1339 2028 1490 2069 sudore
1530 2040 1710 2081 cumque

206 2097 369 2140 videret
401 2100 564 2141 bassum
594 2100 784 2141 sudorem
816 2112 940 2140 sensu
973 2113 1129 2152 carere,
1170 2113 1244 2140 suo
1280 2097 1421 2140 Marte
1454 2100 1503 2140 ut
1536 2099 1710 2140 sanaret

206 2170 403 2212 mendum
451 2186 502 2213 ex
548 2174 752 2213 viatorum
800 2169 985 2212 effecisse
1032 2173 1193 2214 viatori.
1262 2169 1302 2213 A
1350 2169 1528 2225 vulgata
1564 2173 1708 2211 autem

206 2241 317 2284 hanc
348 2243 725 2298 interpolationem
758 2244 909 2284 viatori
940 2244 1062 2285 basso
1094 2258 1204 2286 nova
1235 2257 1325 2285 esse
1356 2245 1527 2284 auctam
1559 2243 1710 2283 viatori

207 2316 328 2356 lasso.
382 2314 522 2364 Quare
553 2314 902 2370 proficiscendum
927 2328 1016 2356 esse
1039 2330 1090 2358 ex
1112 2316 1325 2370 scriptura
1346 2316 1549 2356 viatorum
1571 2315 1707 2365 basso,

207 2400 258 2428 ex
290 2401 375 2441 qua
407 2387 488 2429 sibi
521 2386 788 2429 efficiendum
821 2386 974 2429 videri:

421 2460 548 2500 Dulce
579 2450 782 2501 viatorum
814 2461 955 2501 salso
986 2462 1027 2501 in
1059 2461 1250 2502 sudore
1281 2460 1477 2500 levamen.

206 2528 434 2572 Insimulat
480 2530 614 2587 igitur
661 2531 884 2574 librarium
933 2529 1087 2573 codicis
1128 2528 1178 2581 G,
1225 2529 1336 2586 quod
1383 2544 1560 2584 pravam
1608 2528 1707 2571 huic

206 2602 346 2643 versui
379 2617 551 2657 operam
583 2602 858 2657 impenderit,
896 2617 991 2644 cum
1025 2617 1076 2644 ex
1108 2603 1332 2657 archetypi
1363 2602 1576 2656 scriptura
1607 2603 1704 2643 via-

206 2680 337 2715 torum
397 2674 588 2716 efficeret
647 2677 808 2716 viatori.
893 2673 974 2716 Sed
1027 2677 1171 2716 tamen
1226 2677 1357 2716 testes
1409 2674 1584 2716 adstant
1635 2687 1706 2714 reo

206 2760 349 2788 omnes
387 2746 622 2788 carminum
661 2744 1003 2788 Catullianorum
1050 2746 1232 2797 codices,
1281 2746 1355 2801 qui
1403 2748 1620 2787 testantur
1659 2745 1704 2787 in

207 2817 442 2871 archetypo
472 2822 695 2860 exaratum
728 2818 875 2859 fuisse:
