1950 3256
911 179 968 221 36

184 298 324 341 codice
356 296 391 340 G
426 299 548 353 parte
581 296 760 341 addendi
794 298 894 339 sunt
928 296 1081 352 viginti
1114 311 1237 350 unus,
1271 299 1424 352 quibus
1448 298 1483 342 O
1507 303 1549 342 et
1574 298 1610 342 G
1643 299 1686 342 in

186 386 284 414 vera
332 371 547 426 scriptura
594 371 743 411 contra
784 368 822 410 D
856 370 899 411 et
931 368 966 410 L
1007 370 1296 422 consentiunt,
1336 369 1398 413 ita
1438 373 1485 414 ut
1516 386 1680 415 summa

185 443 336 485 horum
369 443 557 484 locorum
590 440 646 482 sit
677 440 1007 497 quinquaginta.
1056 440 1165 483 Tum
1189 441 1314 494 locos,
1348 443 1501 498 quibus
1524 442 1560 486 O
1581 458 1682 499 pro-

183 514 278 570 pius
318 528 447 569 quam
480 512 519 554 D
560 515 603 555 et
635 512 669 554 L
701 513 751 555 ad
786 527 932 555 verum
970 513 1151 566 accedit,
1193 513 1237 555 in
1269 512 1348 556 hac
1378 517 1503 570 parte
1534 529 1685 558 novem

183 586 488 643 congessimus,
533 585 585 628 ad
618 599 723 640 quos
756 599 778 626 e
809 584 951 640 priore
985 586 1035 628 de
1067 585 1104 628 G
1134 588 1259 641 parte
1292 586 1434 629 decem
1468 587 1687 639 accedunt,

185 662 234 702 ut
287 673 452 701 summa
508 657 564 699 sit
611 657 892 712 undeviginti.
973 654 1136 699 Deinde
1183 673 1256 700 sex
1303 658 1405 701 locis
1451 658 1688 713 scripturae

184 730 434 786 compendia
476 730 520 772 in
554 728 590 771 Ο
633 731 802 772 servata
845 730 946 771 sunt
983 744 1008 771 a
1041 728 1228 771 librariis
1261 729 1299 771 D
1333 734 1377 772 et
1408 730 1442 772 L
1473 730 1584 773 male
1616 745 1690 772 ex-

181 803 354 858 plicata.
443 801 587 856 Atque
647 801 842 843 omnibus
895 800 962 843 his
1014 801 1118 843 locis
1169 801 1447 856 septuaginta
1500 802 1689 857 quinque

183 890 327 917 veram
360 874 617 928 scripturam
650 873 735 915 iam
758 872 1057 915 Lachmannus
1090 873 1232 915 edidit.
1287 871 1515 917 Praeterea
1543 877 1688 916 autem

181 950 276 990 octo
324 949 424 988 sunt
456 946 553 998 loci,
603 971 655 978 --
706 946 751 987 in
798 944 878 987 hac
917 944 1231 988 dissertationis
1271 949 1394 1000 parte
1435 941 1599 1002 egimus
1638 945 1688 987 de

181 1020 344 1073 tribus,
384 1019 428 1060 in
467 1019 609 1073 priore
647 1018 698 1060 de
738 1017 926 1072 quinque
959 1042 1016 1049 —-
1059 1018 1213 1073 quibus
1260 1032 1355 1060 cum
1394 1020 1470 1060 aut
1503 1015 1538 1059 Ο
1571 1017 1685 1060 solus

182 1094 259 1134 aut
283 1089 318 1133 Ο
341 1092 384 1132 et
407 1089 443 1132 G
476 1090 694 1132 meliorem
727 1104 854 1145 quam
885 1090 1016 1132 ceteri
1038 1090 1138 1132 libri
1160 1090 1415 1145 scripturam
1438 1090 1686 1146 praebeant,

181 1177 282 1205 vera
315 1162 528 1218 scriptura
565 1162 611 1204 in
643 1160 907 1204 Lachmanni
946 1161 1131 1204 editione
1163 1162 1348 1205 nondum
1381 1162 1580 1213 habetur,
1614 1160 1687 1203 sed

181 1236 235 1278 ab
283 1234 378 1277 aliis
426 1234 528 1276 viris
569 1233 704 1276 doctis
742 1236 972 1288 antequam
1012 1233 1078 1275 illi
1117 1234 1279 1277 codices
1317 1235 1363 1276 in
1401 1246 1523 1275 usum
1562 1246 1687 1274 voca-

181 1309 330 1350 rentur
370 1307 545 1349 inventa
579 1308 657 1349 est.
722 1304 879 1348 Nullus
910 1308 974 1348 est
1005 1306 1143 1359 locus,
1182 1321 1266 1362 quo
1297 1307 1425 1349 codex
1459 1305 1495 1349 Ο
1526 1304 1684 1347 bonam

180 1380 435 1434 scripturam
484 1393 639 1421 novam
686 1380 730 1420 et
779 1378 966 1420 virorum
1005 1379 1223 1422 doctorum
1263 1376 1517 1421 coniecturis
1556 1376 1685 1418 antea

180 1465 264 1492 non
312 1452 526 1506 repertam
574 1451 792 1506 praebeat.
876 1449 1022 1505 Longe
1075 1453 1217 1494 autem
1271 1449 1466 1505 plurimis
1511 1447 1682 1488 illorum

182 1523 403 1579 octoginta
442 1523 570 1565 trium
603 1523 794 1565 locorum
832 1522 965 1565 falsae
996 1509 1214 1565 librorum*
1236 1522 1274 1564 D
1307 1526 1350 1566 et
1381 1522 1416 1564 L
1448 1521 1685 1576 scripturae

183 1595 393 1638 scribendi
439 1596 506 1638 vel
543 1594 713 1651 legendi
752 1593 966 1637 erroribus
1006 1595 1364 1652 neglegentiaque
1402 1597 1522 1637 ortae
1562 1592 1684 1642 sunt3

182 1670 277 1710 octo
310 1667 412 1710 locis
445 1667 550 1724 (5‚8.
587 1667 699 1719 ll,3.
731 1667 878 1720 44‚11.
900 1666 1047 1718 45‚10.
1072 1668 1187 1721 628.
1208 1668 1278 1710 40.
1300 1668 1370 1711 63.
1396 1666 1514 1722 73,4)
1546 1665 1683 1707 inter-

181 1738 420 1793 polationes
451 1739 493 1781 in
527 1738 566 1780 D
599 1742 642 1781 et
666 1739 698 1781 L
731 1741 895 1790 extant,
929 1754 1039 1794 quae
1072 1742 1230 1784 absunt
1262 1756 1286 1783 a
1319 1739 1457 1782 codice
1480 1736 1526 1780 O.
1567 1735 1683 1778 Illud

180 1810 316 1866 igitur
366 1811 654 1866 profitendum
706 1813 771 1854 est
817 1811 1002 1854 codicem
1049 1811 1085 1854 O
1131 1812 1246 1855 inter
1291 1811 1475 1866 optimos
1522 1805 1684 1851 Catulli

182 1883 313 1925 libros
347 1882 588 1926 habendum
620 1897 758 1938 neque
791 1882 1024 1926 editoribus
1056 1884 1366 1941 neglegendum
1399 1896 1502 1924 esse.

301 1954 391 1999 Iam
424 1970 518 1998 cum
551 1955 603 1998 ad
635 1970 789 2011 pravas
823 1955 923 1998 libri
946 1955 981 1999 Ο
1014 1957 1248 2011 scripturas
1272 1970 1346 1998 nos
1369 1955 1681 2004 convertamus,

180 2028 362 2082 primum
397 2028 446 2070 de
479 2029 538 2070 eis
570 2028 674 2071 locis
706 2041 899 2083 agemus,
940 2028 1015 2070 ubi
1047 2027 1369 2083 interpolatoris
1401 2041 1576 2083 operam
1612 2039 1682 2068 co—

180 2115 382 2158 gnoscere
414 2100 534 2142 nobis
567 2100 796 2144 videamur.
842 2098 1100 2143 Monendum
1133 2101 1275 2143 autem
1309 2101 1372 2142 est
1403 2099 1446 2141 in
1468 2098 1610 2154 priore
1632 2097 1682 2140 de

180 2173 319 2216 codice
342 2171 379 2215 G
410 2174 534 2228 parte
566 2187 641 2215 nos
672 2173 758 2216 iam
790 2171 894 2215 duos
924 2172 1052 2215 huius
1084 2172 1251 2229 generis
1281 2173 1394 2215 locos
1416 2169 1681 2222 tractavisse,

181 2245 313 2297 66‚83
347 2247 478 2288 colitis
509 2247 553 2287 et
584 2245 717 2297 42‚14
748 2252 884 2300 potes,
922 2244 1075 2300 quibus
1109 2243 1143 2287 O
1177 2244 1354 2288 eandem
1385 2246 1514 2300 atque
1546 2241 1583 2284 G
1615 2242 1682 2285 in-

180 2317 511 2372 terpolationem
544 2318 734 2373 praebet.

303 2388 464 2441 64,353

395 2462 596 2517 Namque,
630 2463 735 2504 velut
768 2464 916 2505 densas
950 2477 1229 2517 praecerpens
1262 2463 1430 2504 cultor
1461 2463 1614 2504 aristas

397 2535 491 2577 Sole
521 2536 595 2576 sub
629 2536 791 2577 ardenti
821 2535 1014 2588 flaventia
1046 2537 1207 2577 demetit
1241 2549 1358 2577 arva.

299 2604 417 2649 Haec
436 2608 502 2649 est
520 2606 734 2661 scriptura
751 2606 940 2649 codicum
959 2606 1046 2649 fere
1066 2607 1268 2659 omnium,
1291 2606 1374 2649 nisi
1397 2604 1508 2661 quod
1526 2605 1570 2646 in
1588 2603 1623 2647 Ο
1637 2606 1680 2646 et

179 2677 223 2719 in
267 2677 460 2735 margine
501 2677 654 2720 codicis
685 2677 719 2720 L
760 2693 914 2721 messor
951 2680 1173 2721 exaratum
1213 2681 1288 2721 est.
1357 2678 1495 2720 Cultor
1532 2677 1567 2718 is
1599 2678 1677 2728 est,

179 2749 253 2804 qui
285 2749 447 2805 aliquid
488 2749 610 2802 colit,
655 2751 697 2792 et
729 2764 824 2792 cum
857 2750 1022 2793 colendi
1054 2750 1228 2793 verbum
1261 2748 1459 2804 primitus
1491 2748 1541 2791 de
1573 2762 1679 2804 agro

178 2821 447 2874 adhibeatur,
482 2824 612 2865 cultor
643 2824 708 2865 est
740 2822 929 2879 agricola
961 2824 1005 2864 et
1037 2821 1148 2865 hanc
1180 2821 1397 2865 notionem
1428 2820 1562 2863 habet
1591 2819 1679 2862 sive
