1950 3256
1028 167 1085 212 23

313 303 458 332 versus
493 287 640 331 addita
675 290 759 340 est,
801 291 932 344 atque
968 287 1182 344 prioribus
1220 287 1382 330 duobus
1415 286 1691 331 Lachmanno
1721 289 1806 331 iam

310 376 364 405 ex
377 360 470 408 Lae
487 362 730 410 nota—eram
757 360 910 402 ceteris
932 362 1077 403 autem
1098 360 1181 403 iam
1203 362 1305 402 ante
1325 359 1509 402 codicem
1530 358 1568 402 G
1589 362 1807 416 repertum

309 433 554 476 coniectura
600 447 622 474 a
672 432 775 474 viris
821 431 956 474 doctis
1003 431 1181 474 inventa
1219 433 1332 482 erat,
1380 445 1639 487 quamquam
1678 432 1807 475 tertio

294 502 482 548 ‘tantum
514 505 607 548 loeo
638 504 682 546 in
715 503 979 547 Lachmauni
1010 506 1132 546 textu
1165 502 1363 547 habetur.

431 574 628 618 Ceterum
666 576 829 618 duobus
859 578 1082 631 praeterea
1112 574 1214 617 loeis
1248 574 1533 617 Baehrensius
1565 589 1618 617 ex
1647 575 1808 630 duplici

308 647 463 691 oodicis
494 647 532 690 G
563 648 777 703 scriptura
809 646 979 690 Catullo
1015 661 1138 702 opem
1177 646 1323 688 afferri
1359 661 1480 702 posse
1516 647 1702 702 putavit,
1736 646 1806 698 1‚8

310 723 356 762 et
385 719 562 769 64‚178.
610 718 691 761 Sed
724 720 865 774 priore
897 719 987 760 loeo
1014 721 1092 760 mei
1112 718 1219 760 illud
1241 718 1356 761 haud
1377 719 1503 760 dubie
1525 734 1609 761 non
1631 717 1806 769 Catulli,

309 792 382 835 sed
428 791 595 834 librarii
640 791 857 834 cuiusdam
905 793 989 842 est,
1041 790 1276 846 posteriore
1320 792 1554 842 Idmeneos,
1601 790 1714 846 quod
1756 805 1809 832 ex

310 865 526 907 Idmoneos
559 863 632 906 ille
663 863 823 915 elicuit,
855 863 1003 906 multis
1035 862 1185 918 opinor
1216 863 1300 905 erit
1330 865 1569 907 obscurum.

431 935 616 977 Restant
657 935 741 978 iam
780 938 986 990 quattuor
1026 935 1127 987 loci,
1174 936 1329 990 quibus
1367 935 1479 991 quod
1517 935 1632 977 iuter
1663 948 1808 976 versus

311 1008 572 1062 adscriptum
615 1009 681 1049 est
731 1007 1010 1062 depravatum
1057 1010 1141 1058 est,
1194 1007 1408 1063 scriptura
1455 1009 1600 1049 autem
1645 1005 1808 1061 primae

310 1094 461 1122 manus
493 1082 537 1121 et
568 1079 668 1121 huic
698 1079 892 1134 praestat
923 1082 967 1121 et
997 1079 1035 1122 ei
1056 1081 1168 1135 quod
1189 1079 1228 1122 D
1251 1082 1295 1121 et
1317 1079 1351 1121 L
1371 1078 1596 1129 exhibent;
1628 1079 1809 1134 apparet

309 1153 445 1208 igitur
484 1151 561 1194 hos
598 1165 764 1206 quoqne
802 1153 850 1192 ut
887 1153 983 1194 octo
1022 1152 1118 1195 illos
1153 1166 1283 1208 supra
1322 1155 1578 1194 memoratos
1617 1150 1676 1192 eis
1707 1149 1808 1192 locis

309 1222 647 1266 adnumerandos
697 1236 804 1274 esse,
865 1238 971 1278 quos
1015 1224 1059 1266 in
1110 1224 1234 1267 initio
1284 1223 1588 1280 disputationis
1639 1224 1810 1265 nostrae

306 1295 576 1338 contulimus.

429 1367 533 1420 12‚4

523 1442 612 1484 Hoc
641 1443 814 1483 salsum
845 1455 934 1483 esse
962 1443 1118 1495 putas?
1161 1441 1282 1495 Fuqit
1312 1445 1365 1491 te,
1395 1441 1543 1494 inepte.

429 1513 507 1556 DL
536 1515 702 1568 falsum,
734 1511 771 1554 G
801 1515 974 1564 salsum,
1005 1513 1075 1555 oui
1105 1513 1443 1569 suprascriptum
1473 1514 1539 1554 est
1570 1514 1614 1554 al
1642 1513 1808 1566 falsum,

309 1585 348 1630 Ο
376 1589 528 1641 falsum
561 1588 605 1628 al
631 1587 797 1628 salsum.

428 1670 486 1713 55
504 1670 562 1712 22

491 1703 501 1722 ’
525 1745 632 1784 Dum
662 1745 808 1785 vestri
836 1744 893 1784 sis
922 1744 1133 1796 particeps
1164 1742 1318 1783 amoris

432 1850 507 1893 DL
538 1853 680 1903 nostri,
713 1814 921 1901 dengstri,
954 1847 991 1890 Ο
1022 1851 1160 1891 vestri.

429 1934 534 1987 54‚5

527 2009 615 2051 Tibi
645 2014 683 2050 el
713 2009 870 2061 Fuficio
899 2009 987 2049 seni
1019 2012 1181 2049 recocto

433 2079 509 2122 DL
538 2083 699 2123 seniore
730 2087 863 2134 copto,
896 2077 934 2120 G
966 2080 1010 2119 et
1031 2076 1067 2121 Ο
1097 2082 1257 2122 seniore
1288 2085 1415 2131 cocto,
1449 2080 1520 2122 sed
1551 2079 1595 2122 in
1618 2080 1656 2122 G
1683 2094 1813 2135 supra

313 2154 496 2197 alterum
529 2167 552 2194 c
582 2151 774 2195 additum
806 2152 871 2193 est
903 2152 948 2192 al
975 2165 1016 2204 p.

436 2235 565 2288 14,16

527 2310 620 2351 Non
650 2323 731 2351 non
762 2309 841 2350 hoc
871 2307 956 2356 tibi,
988 2308 1133 2360 false,
1164 2308 1225 2348 sic
1246 2307 1383 2348 abibit.

438 2381 556 2422 False
587 2379 702 2422 DLO
733 2378 951 2429 exhibent,
993 2377 1031 2420 G
1063 2378 1195 2421 habet
1225 2380 1334 2420 salse
1369 2379 1660 2435 suprascripto
1694 2381 1814 2432 false.

314 2451 611 2494 Lachmannus
631 2453 783 2494 contra
803 2451 993 2493 codicum
1015 2464 1187 2492 suorum
1202 2449 1492 2492 testimonium
1508 2453 1617 2493 salse
1631 2451 1675 2493 in
1692 2453 1817 2493 textu

313 2524 470 2579 posuit,
510 2538 595 2578 qua
633 2523 676 2564 in
714 2537 761 2565 re
798 2536 943 2565 omnes
981 2522 1164 2565 editores
1204 2536 1299 2564 eum
1340 2522 1473 2564 secuti
1510 2523 1613 2564 sunt
1643 2523 1815 2576 praeter

315 2610 448 2638 unum
479 2593 802 2646 Baehreusium‚
835 2594 871 2635 is
904 2609 1039 2650 nuper
1068 2596 1176 2648 salse
1207 2593 1355 2637 edidit.
1407 2593 1527 2644 Quod
1558 2608 1817 2650 quamquam

314 2682 392 2710 nos
441 2682 527 2710 non
571 2666 686 2723 fugit
724 2665 1031 2710 Baehrensium
1074 2681 1152 2722 per
1198 2666 1334 2708 iocum
1373 2665 1534 2708 dictum
1571 2680 1661 2709 esse
1697 2666 1818 2718 velle,

322 2743 467 2782 tamen
499 2739 567 2781 vel
597 2739 656 2782 sic
688 2737 892 2795 frigidum
923 2752 999 2780 nec
1029 2738 1134 2781 satis
1166 2737 1377 2780 urbanum
1407 2737 1590 2781 videtur.
1637 2737 1820 2780 Tantam

313 2810 428 2853 enim
479 2813 524 2853 et
574 2815 663 2853 tam
715 2809 942 2853 iucundam
994 2809 1333 2852 familiaritatem
1387 2809 1501 2851 inter
1551 2808 1729 2852 Calvum
1775 2812 1819 2851 et
