1950 3256
949 245 1006 287 65

230 367 368 418 catur,
414 367 534 428 certe
563 378 625 422 >ex
670 364 815 407 eodem
862 364 980 407 fonte
1018 379 1114 408 eam
1151 363 1197 406 in
1234 363 1421 406 diversos
1459 363 1557 407 illos
1594 363 1727 407 libros

230 431 759 494 pervenisseputabimus.
821 436 912 480 lam
945 439 1091 480 autem
1119 438 1364 491 fmcenniaeaea
1395 435 1440 479 in
1464 434 1499 477 B
1530 434 1727 488 habetur,

64 500 75 506 ’
116 530 118 532 ·
142 540 145 541 ⁷
230 509 342 552 latet
372 508 488 551 haud
519 506 646 550 dubie
676 509 755 551 sub
776 507 929 551 codicis
950 508 988 552 Ο
1007 510 1262 563 foscermina,
1294 510 1524 564 utrumque
1544 507 1730 552 codicem

223 579 386 625 scimus
423 595 509 624 non
549 595 601 623 ex
632 578 669 621 G
706 580 896 633 fluxisse,
933 581 1021 637 ipse
1052 579 1090 623 G
1120 582 1359 635 fescennina
1392 579 1586 623 exhibet:
1626 579 1729 636 quid

230 687 368 744 igitur
414 690 549 732 restat
586 703 715 744 quam
753 692 803 730 ut
839 690 1084 742 fescennina
1123 688 1210 731 sive
1250 689 1383 732 mavis
1413 659 1657 742 fciscennina
1686 690 1730 730 in

230 757 273 801 V
291 759 501 815 scriptum
523 760 652 803 fuisse
670 764 799 816 atque
819 775 870 802 ex
892 760 972 803 hoc
994 760 1039 803 in
1064 759 1100 802 D
1122 760 1363 804 derivatum
1383 746 1472 803 ess'e
1493 761 1731 816 ponamus?

353 842 544 900 Denique
578 844 660 887 huc
691 844 828 887 refero
859 844 959 886 libri
981 844 1020 886 D
1054 845 1310 899 scripturam
1341 846 1564 887 anatumia
1584 842 1729 895 68,51.

234 913 413 959 Prorsus
450 915 566 958 enim
603 915 788 958 eiusdem
826 916 995 973 generis
1032 920 1098 958 est
1130 915 1282 959 codicis
1314 914 1351 958 O
1380 917 1554 959 ranfisia
1585 915 1732 966 66:71,

231 986 307 1029 ubi
326 985 610 1030 Baehrensius
631 991 913 1030 Rhamnunsia
943 989 988 1030 in
1019 990 1142 1030 textu
1164 987 1327 1042 posuit;
1350 987 1403 1030 cf.
1436 1003 1488 1031 ea
1507 1001 1616 1043 quae
1635 985 1735 1029 Rit-

231 1057 414 1101 schelius
446 1057 659 1114 congessit
689 1058 814 1112 proll.
848 1060 901 1102 ad
933 1059 1048 1102 Trin.
1083 1073 1123 1114 p.
1163 1058 1259 1103 103.

351 1141 534 1196 Reliqua
565 1143 710 1184 autem
742 1157 852 1198 quae
882 1144 1031 1186 insunt
1060 1144 1106 1186 in
1138 1143 1177 1186 D
1209 1143 1461 1199 antiquioris
1493 1143 1731 1199 scripturae

231 1214 414 1273 vestigia
466 1228 658 1270 quaeque
706 1214 882 1258 Ellisius
934 1230 976 1271 p.
1028 1214 1153 1259 XXX
1202 1215 1433 1274 diligenter
1482 1215 1735 1271 composuit,

232 1286 392 1343 partim
431 1287 477 1330 in
515 1287 596 1330 hac
643 1288 891 1343 quaestione
939 1288 1047 1331 nihil
1094 1287 1252 1340 valent,
1300 1289 1402 1343 quia
1443 1288 1577 1331 etiam
1613 1287 1659 1329 in
1697 1284 1735 1328 G

231 1362 406 1411 extant,
453 1361 614 1415 partim
645 1361 710 1404 ita
742 1364 843 1404 sunt
879 1362 1149 1415 comparata,
1190 1362 1239 1403 ut
1276 1375 1393 1409 mero
1431 1361 1567 1404 errori
1602 1359 1736 1404 tribui

231 1433 411 1490 possint.
472 1432 612 1483 Quare
651 1433 755 1477 haec
793 1448 902 1489 quae
941 1433 1086 1477 adhuc·
1118 1434 1170 1477 de
1201 1434 1425 1490 scripturis
1456 1431 1607 1489 priscis
1637 1445 1736 1488 pro·

234 1504 414 1548 tulimus
445 1505 677 1548 sufficiant.

351 1588 444 1633 Iam
474 1605 569 1633 cum
612 1590 738 1634 fidem
769 1591 880 1634 libro
912 1590 951 1632 D
982 1590 1183 1648 denegari
1215 1605 1303 1633 non
1334 1605 1456 1646 posse
1487 1589 1735 1645 probaveri-

231 1675 347 1713 mus,
396 1651 505 1704 illud
550 1661 866 1717 disquirendum
914 1664 1000 1714 est,
1052 1678 1156 1705 num
1208 1677 1387 1717 usquam
1436 1661 1736 1705 Lachmannus

231 1733 412 1777 nimium
458 1732 523 1776 vel
571 1749 724 1789 parum
771 1733 870 1776 fidei
907 1735 946 1777 ei
985 1734 1199 1777 tribuerit.
1278 1733 1375 1777 Uno
1413 1734 1527 1786 loco,
1565 1734 1617 1776 de
1653 1748 1738 1789 quo

232 1819 362 1861 supra
407 1805 493 1848 iam
543 1805 707 1863 egimus
746 1821 786 1861 p.
805 1806 905 1860 60,
951 1806 1109 1849 iniuria
1151 1820 1247 1848 eum
1279 1805 1441 1848 Datani
1481 1805 1737 1862 scripturam

234 1866 425 1922 reiecisse
456 1877 658 1927 vidimus3
691 1877 793 1930 97‚5
825 1878 939 1921 enim
969 1877 1239 1921 scribendum
1262 1876 1506 1921 videbatur:
1537 1879 1669 1921 dentis
1689 1893 1736 1921 os

230 1949 539 2003 sesquipedalis.
602 1948 738 2005 Saepe
776 1965 877 1994 sane
919 1949 1186 2005 vituperatus
1218 1952 1303 2002 est,
1343 1949 1456 2004 quod
1488 1950 1663 1993 nimiam
1694 1950 1732 1992 ei

231 2018 358 2064 fidem
395 2019 607 2066 habuerit.
672 2022 817 2078 Atque
850 2021 1153 2075 Baehrensius,
1192 2022 1265 2078 qui
1305 2037 1346 2078 p.
1381 2020 1551 2065 XXVII
1588 2037 1651 2079 sq.
1683 2023 1735 2066 de

230 2092 394 2137 Datani
422 2094 827 2150 interpolationibus
864 2095 1075 2150 loquitur,
1116 2096 1322 2151 quattuor
1353 2095 1543 2138 locorum
1577 2096 1735 2138 menti-

230 2182 354 2212 onem
384 2167 502 2218 facit‚
535 2168 688 2222 quibus
722 2167 1044 2223 interpolatoris
1075 2182 1247 2223 operam
1278 2167 1481 2210 illustret.
1544 2167 1733 2218 Quorum

231 2254 256 2283 e
299 2254 475 2283 numero
512 2238 675 2282 duobus
709 2241 845 2290 certe,
893 2239 1027 2290 68,46
1065 2242 1109 2282 et
1146 2238 1248 2292 95‚9
1270 2272 1280 2291 ‚
1323 2253 1400 2282 nec
1439 2238 1735 2283 Lachmannus

231 2324 368 2366 neque
407 2325 507 2354 vero
543 2310 768 2366 quisquam
804 2308 952 2354 doctus
990 2313 1162 2355 nostrae
1201 2313 1355 2355 aetatis
1395 2310 1558 2354 Datani
1601 2311 1735 2367 scrip-

232 2384 376 2426 turam
407 2383 545 2426 tuitus
575 2386 653 2426 est.
701 2382 766 2425 De
796 2383 927 2426 tertio
959 2386 1104 2426 autem
1137 2385 1228 2427 loco
1261 2383 1376 2436 65,9‚
1410 2397 1493 2439 quo
1514 2382 1735 2426 Baehren-

231 2451 318 2494 sius
349 2451 669 2508 interpolatoris
700 2468 871 2510 operam
903 2455 1109 2512 agnoscit,
1146 2456 1230 2498 iam
1263 2469 1392 2510 supra
1423 2454 1734 2509 disputavimus

234 2525 278 2565 et
309 2522 631 2567 Lachmannum
663 2527 777 2568 recte
799 2524 960 2569 Datani
992 2527 1247 2582 scripturam
1280 2531 1329 2568 ut
1351 2541 1494 2569 veram
1516 2529 1561 2568 et
1581 2527 1733 2582 genni-

233 2608 333 2636 nam
366 2594 411 2637 in
443 2597 566 2638 textu
596 2597 786 2651 posuisse
817 2596 1071 2641 inverflmus.
1121 2598 1185 2641 De
1215 2600 1371 2653 quarto
1402 2612 1537 2653 pauca
1558 2597 1733 2641 dicenda

179 2718 182 2719 ⁷
232 2668 348 2709 sunt.
402 2665 702 2710 Lachmannus
733 2669 846 2712 enim
876 2672 1047 2725 poetam
1070 2668 1357 2713 Veronensem
1381 2671 1520 2721 Quinti
1550 2684 1733 2725 praeno-

232 2738 348 2780 mine
395 2738 638 2793 praeditum
685 2739 814 2783 fuisse
859 2741 980 2782 ratus
1024 2742 1073 2792 Ο.
1121 2743 1271 2784 Valerii
1309 2742 1459 2783 Catulli
1497 2743 1734 2784 Veronensis

233 2809 335 2852 tiber
364 2809 592 2852 editionem
626 2826 746 2854 suam
773 2811 1082 2855 inscribendam
1104 2813 1284 2856 curavit.
1331 2812 1451 2862 Quod
1472 2827 1732 2868 quamquam

233 2879 309 2922 ille
324 2879 423 2923 fecit
443 2896 524 2923 non
536 2882 697 2924 Datani
715 2883 844 2925 solius
862 2883 1107 2927 testimonio
1123 2887 1356 2927 commotus
1375 2884 1445 2925 sed
1459 2884 1590 2927 etiam
1601 2882 1730 2925 Plinii
