1950 3256
947 151 1002 195 50

221 274 365 317 autem
396 270 585 316 codicum
610 268 647 313 D
670 273 714 314 et
737 269 772 314 O
794 274 836 315 in
861 271 983 314 Creta
1014 273 1162 315 natam
1195 286 1283 315 esse
1316 271 1508 329 neglecta
1541 270 1711 326 lineola,

219 360 304 400 qua
335 345 465 388 litera
496 360 535 386 m
566 344 611 387 in
644 344 728 387 fine
760 344 986 387 verborum
1020 343 1254 400 significari
1286 345 1407 387 solet.

340 415 421 459 Sed
474 417 579 459 haec
634 416 865 458 sufficiant.
947 415 1172 458 Possumus
1219 417 1332 459 enim
1376 416 1426 459 de
1474 416 1570 460 aliis
1616 417 1718 459 locis

220 486 333 529 haud
350 487 495 541 paucis
513 487 728 541 disserere,
746 488 899 543 quibus
921 487 1102 530 editores
1121 487 1335 530 novissimi
1354 503 1559 532 novarum
1577 503 1720 531 rerum

221 558 397 601 studiosi
430 574 451 601 e
484 561 697 616 corruptis
720 560 872 604 codicis
896 559 931 602 O
960 560 1183 614 scripturis
1212 559 1374 614 aliquid
1396 560 1549 603 elicere
1571 560 1722 602 studu-

219 633 344 673 erunt
361 646 517 689 magna
535 647 659 688 saepe
674 632 1127 689 ingeniicontentione‚
1146 646 1366 687 nunquam
1383 632 1499 675 felici
1514 646 1718 676 successu.

217 705 310 756 Qua
356 705 399 747 in
431 720 477 748 re
516 705 623 748 illud
660 704 869 761 imprimis
907 704 1145 760 neglexisse
1183 704 1401 756 videntur,
1442 704 1554 760 quod
1591 703 1720 746 codex

217 777 291 820 ille
323 779 366 819 et
397 778 569 833 legendi
601 780 645 820 et
676 777 887 821 scribendi
920 777 1133 819 erroribus
1166 775 1295 818 variis
1327 776 1525 831 oppletus
1547 777 1590 818 et
1620 789 1722 818 con-

218 848 352 891 fertus
385 852 463 894 est.
522 849 678 892 Omisit
711 849 820 891 enim
844 848 1045 893 librarius
1067 849 1181 890 totos
1203 862 1369 891 versus:
1404 848 1518 900 263.
1543 846 1718 899 64‚330.

219 921 554 975 64‚377—379;
587 923 742 965 horum
774 920 963 963 locorum
996 921 1127 963 tertio
1167 920 1368 963 librarius
1409 920 1628 964 aberravit
1667 918 1720 962 ab

215 996 354 1037 altero
386 1010 510 1038 versu
541 994 790 1038 intercalari
822 994 874 1037 ad
908 993 1106 1045 alterum,
1139 1008 1318 1048 quorum
1349 993 1467 1048 prior
1499 1006 1574 1035 cur
1605 991 1721 1034 dele—

215 1069 314 1110 atur
352 1067 465 1110 iusta
503 1080 631 1109 causa
670 1080 756 1108 non
796 1067 881 1115 est;
929 1064 1072 1107 omisit
1111 1065 1239 1107 verba
1279 1065 1348 1116 9‚1
1384 1081 1405 1108 e
1438 1065 1570 1118 23‚16
1603 1066 1717 1106 abest

216 1139 346 1192 64‚69
386 1147 423 1182 te
459 1139 542 1181 133
580 1141 623 1181 in
662 1137 747 1181 176
786 1140 936 1180 nostris
968 1137 1100 1190 66‚34
1133 1140 1317 1189 taurin03
1350 1137 1494 1179 omisit
1525 1136 1716 1191 singulas

215 1213 440 1255 verborum
472 1212 660 1267 syllabas
701 1210 834 1263 6212
867 1212 1006 1265 aspice
1039 1209 1247 1268 (aspicite)
1282 1210 1412 1262 66‚65
1445 1211 1573 1264 virqis
1606 1207 1716 1266 (vir-

213 1283 355 1341 qae'm's);
395 1299 619 1340 perperam
657 1283 904 1326 immutavit
942 1284 1170 1326 'verborum
1209 1283 1400 1326 ordinem
1436 1282 1564 1334 1213
1598 1295 1714 1324 nemo

213 1365 271 1400 est
317 1360 448 1400 sinum
496 1357 626 1408 6337
671 1358 814 1398 mulier
853 1358 1000 1406 notha3
1046 1355 1185 1398 multa
1225 1355 1417 1409 corrupit
1460 1352 1718 1409 compendiis

213 1431 325 1473 male
360 1429 601 1471 intellectis
650 1429 810 1480 61,125
861 1430 1012 1471 domini
1060 1425 1170 1485 (diu)
1217 1427 1376 1479 64‚372
1418 1433 1513 1469 aute
1551 1422 1714 1482 (animi)

213 1503 343 1555 6631
384 1517 481 1544 vero
520 1501 637 1559 (non)
679 1500 809 1554 6622
848 1503 973 1555 factis
1012 1499 1216 1558 (fh·at1·is);
1258 1499 1379 1542 varia
1416 1498 1598 1554 denique
1631 1496 1716 1539 alia

213 1574 404 1631 scripsit,
443 1588 553 1630 quae
593 1572 682 1614 eius
718 1572 1040 1630 neglegentiam
1073 1574 1287 1615 testentur
1318 1571 1388 1624 4‚7
1422 1573 1557 1614 insula
1589 1584 1714 1623 voye-

213 1650 334 1691 ladas
367 1646 590 1704 (insulasve
624 1644 845 1703 Cycladas)
888 1645 1017 1696 1723
1049 1647 1139 1687 volo
1171 1646 1262 1686 volo
1296 1642 1404 1701 (eam
1434 1640 1544 1699 volo)
1579 1641 1711 1693 63‚49

212 1726 476 1775 magestatem
508 1716 734 1772 (maestast,
768 1717 898 1760 ceteri
927 1717 1088 1760 codices
1110 1717 1315 1759 exhibent
1337 1712 1550 1770 maiestas)
1583 1713 1716 1765 66‚69

214 1796 431 1848 quicquam
463 1789 764 1846 (quamquam).
1299 1784 1302 1787 Α
1703 1792 1707 1795 ’

333 1863 415 1907 Sed
453 1876 677 1919 possumus
716 1862 802 1904 iam
834 1875 1043 1904 summam
1075 1861 1214 1904 facere
1246 1874 1388 1902 eorum
1423 1873 1532 1914 quae
1577 1857 1714 1901 adhuc

212 1936 535 1992 disputavimus.
602 1933 744 1988 Atque
774 1934 962 1988 primum
994 1947 1067 1975 sex
1098 1933 1210 1975 locos
1234 1932 1527 1984 tractavimus,
1560 1931 1713 1985 quibus

213 2007 480 2052 Lachmanni
531 2006 632 2048 libri
671 2008 747 2048 aut
787 2006 927 2061 ipsum
974 2020 1120 2047 verum
1158 2007 1234 2047 aut
1272 2003 1454 2060 vestigia
1498 2004 1587 2046 veri
1628 2017 1713 2045 non

212 2080 472 2124 correctione
517 2078 678 2121 infelici
725 2078 978 2120 oblitterata
1015 2078 1244 2132 praebent,
1294 2076 1530 2132 scripturae
1571 2077 1716 2118 autem

213 2153 313 2196 libri
353 2151 389 2195 Ο
428 2151 760 2207 interpolatione
801 2153 921 2193 ortae
959 2151 1060 2191 sunt
1097 2164 1236 2204 neque
1276 2164 1301 2192 a
1332 2148 1594 2191 Baehrensio
1636 2148 1716 2191 ali-

212 2225 331 2280 isque
377 2224 480 2267 viris
517 2223 653 2266 doctis
691 2222 866 2278 probari
906 2221 1138 2272 debebant3
1186 2222 1236 2264 de
1274 2221 1455 2276 septimo
1487 2222 1531 2262 et
1562 2223 1712 2262 octavo

212 2297 397 2340 eiusdem
429 2294 595 2352 generis
628 2293 779 2351 (66,83
813 2296 944 2337 colitis
974 2293 1108 2345 42‚14
1128 2293 1260 2349 potes)
1293 2293 1379 2335 iam
1412 2292 1455 2334 in
1486 2293 1628 2348 priore
1659 2291 1712 2334 de

214 2366 251 2408 G
288 2368 413 2422 parte
453 2367 635 2422 egimus;
676 2367 727 2408 de
765 2381 875 2409 nono
907 2366 1026 2422 (57‚7
1069 2365 1269 2421 lecticulo)
1307 2364 1496 2407 dubitari
1526 2367 1712 2420 poterat.

213 2439 322 2480 Tum
366 2438 416 2480 de
463 2438 567 2481 locis
613 2438 868 2494 quibusdam
915 2453 967 2481 ex
1013 2453 1159 2480 eorum
1206 2451 1382 2480 numero
1429 2437 1715 2492 disseruimus,

213 2511 366 2566 quibus
399 2525 494 2553 cum
527 2508 795 2553 Lachmanni
834 2509 934 2552 libri
973 2513 1016 2552 et
1047 2509 1084 2552 Gr
1117 2525 1264 2553 verum
1296 2509 1539 2562 exhibeant,
1573 2508 1714 2552 Baeh-

213 2583 377 2626 rensius
419 2584 463 2624 et
503 2581 577 2624 alii
610 2582 720 2624 libro
753 2581 788 2624 O
821 2582 917 2637 plus
949 2597 1076 2637 quam
1108 2597 1187 2637 par
1219 2584 1312 2623 erat
1343 2580 1441 2622 fidei
1474 2581 1712 2623 tribuentes

213 2655 471 2710 scripturam
510 2654 676 2696 librarii
716 2655 987 2710 neglegentia
1026 2656 1273 2709 corruptam
1312 2653 1356 2694 in
1394 2655 1562 2694 textum
1598 2665 1712 2692 rece-

212 2730 380 2782 perunt.
445 2725 635 2781 Denique
667 2725 812 2780 paucis
844 2725 1190 2768 adumbravimus
1223 2726 1340 2767 varia
1373 2723 1712 2779 corruptelarum

212 2813 383 2854 genera,
416 2813 525 2853 quae
557 2799 598 2839 in
635 2797 670 2839 Ο
703 2798 942 2851 permultae
975 2800 1141 2840 extant.
