<?xml version="1.0" encoding="UTF-8"?>
<!DOCTYPE html PUBLIC "-//W3C//DTD XHTML 1.0 Transitional//EN"
    "http://www.w3.org/TR/xhtml1/DTD/xhtml1-transitional.dtd">
<html xmlns="http://www.w3.org/1999/xhtml" xml:lang="en" lang="en">
 <head>
  <title>
</title>
<meta http-equiv="Content-Type" content="text/html;charset=utf-8" />
  <meta name='ocr-system' content='tesseract 3.04.00' />
  <meta name='ocr-capabilities' content='ocr_page ocr_carea ocr_par ocr_line ocrx_word'/>
</head>
<body>
  <div class='ocr_page' id='page_1' title='image "./derecensendiscat00sydouoft_0045.png"; bbox 0 0 1950 3256; ppageno 0'>
   <div class='ocr_carea' id='block_1_1' title="bbox 0 566 43 2026">
    <p class='ocr_par' dir='ltr' id='par_1_1' title="bbox 0 566 43 2026">
     <span class='ocr_line' id='line_1_1' title="bbox 0 566 43 2026; baseline 0 0"><span class='ocrx_word' id='word_1_1' title='bbox 0 566 43 2026; x_wconf 95' lang='lat' dir='ltr'><strong><em> </em></strong></span> 
     </span>
    </p>
   </div>
   <div class='ocr_carea' id='block_1_2' title="bbox 1025 198 1082 239">
    <p class='ocr_par' dir='ltr' id='par_1_2' title="bbox 1025 198 1082 239">
     <span class='ocr_line' id='line_1_2' title="bbox 1025 198 1082 239; baseline 0.018 -1"><span class='ocrx_word' id='word_1_2' title='bbox 1025 198 1082 239; x_wconf 86' lang='lat'><strong><em>39</em></strong></span> 
     </span>
    </p>
   </div>
   <div class='ocr_carea' id='block_1_3' title="bbox 297 315 1803 2094">
    <p class='ocr_par' dir='ltr' id='par_1_3' title="bbox 307 315 1803 441">
     <span class='ocr_line' id='line_1_3' title="bbox 307 315 1803 373; baseline -0.001 -14"><span class='ocrx_word' id='word_1_3' title='bbox 307 331 386 373; x_wconf 72' lang='lat' dir='ltr'><strong><em>pur</em></strong></span> <span class='ocrx_word' id='word_1_4' title='bbox 401 316 642 372; x_wconf 83' lang='lat' dir='ltr'><strong><em>exemplum</em></strong></span> <span class='ocrx_word' id='word_1_5' title='bbox 659 317 702 359; x_wconf 87' lang='lat' dir='ltr'><strong><em>in</em></strong></span> <span class='ocrx_word' id='word_1_6' title='bbox 722 316 801 359; x_wconf 88' lang='lat' dir='ltr'><strong><em>hoc</em></strong></span> <span class='ocrx_word' id='word_1_7' title='bbox 819 316 910 372; x_wconf 89' lang='lat' dir='ltr'><strong><em>ipso</em></strong></span> <span class='ocrx_word' id='word_1_8' title='bbox 926 316 1113 359; x_wconf 82' lang='lat' dir='ltr'>carmine</span> <span class='ocrx_word' id='word_1_9' title='bbox 1123 316 1180 359; x_wconf 89' lang='grc'><strong><em>64</em></strong></span> <span class='ocrx_word' id='word_1_10' title='bbox 1196 320 1367 372; x_wconf 80' lang='lat' dir='ltr'><strong><em>praesto</em></strong></span> <span class='ocrx_word' id='word_1_11' title='bbox 1383 315 1510 358; x_wconf 84' lang='lat' dir='ltr'><strong><em>estin</em></strong></span> <span class='ocrx_word' id='word_1_12' title='bbox 1531 331 1568 359; x_wconf 86' lang='lat' dir='ltr'><strong><em>v.</em></strong></span> <span class='ocrx_word' id='word_1_13' title='bbox 1590 316 1803 360; x_wconf 66' lang='lat'>199200:</span> 
     </span>
     <span class='ocr_line' id='line_1_4' title="bbox 347 389 1584 441; baseline 0 -11"><span class='ocrx_word' id='word_1_14' title='bbox 347 426 399 430; x_wconf 19' lang='lat'><strong><em>*⁷</em></strong></span> <span class='ocrx_word' id='word_1_15' title='bbox 468 414 479 418; x_wconf 68' lang='lat'><em>‹</em></span> <span class='ocrx_word' id='word_1_16' title='bbox 526 389 602 430; x_wconf 79' lang='lat' dir='ltr'><strong><em>Vos</em></strong></span> <span class='ocrx_word' id='word_1_17' title='bbox 633 389 756 430; x_wconf 81' lang='lat' dir='ltr'><strong><em>nolite</em></strong></span> <span class='ocrx_word' id='word_1_18' title='bbox 785 390 876 441; x_wconf 78' lang='lat' dir='ltr'><strong><em>pali</em></strong></span> <span class='ocrx_word' id='word_1_19' title='bbox 906 395 1135 430; x_wconf 84' lang='lat' dir='ltr'><strong><em>nostrum</em></strong></span> <span class='ocrx_word' id='word_1_20' title='bbox 1165 403 1387 431; x_wconf 80' lang='lat' dir='ltr'><strong><em>vanescere</em></strong></span> <span class='ocrx_word' id='word_1_21' title='bbox 1418 390 1584 439; x_wconf 82' lang='lat' dir='ltr'><strong><em>luctum,</em></strong></span> 
     </span>
    </p>

    <p class='ocr_par' dir='ltr' id='par_1_4' title="bbox 303 461 1803 717">
     <span class='ocr_line' id='line_1_5' title="bbox 521 461 1577 514; baseline 0 -13"><span class='ocrx_word' id='word_1_22' title='bbox 521 461 604 502; x_wconf 82' lang='lat' dir='ltr'><strong><em>Sed</em></strong></span> <span class='ocrx_word' id='word_1_23' title='bbox 634 462 747 514; x_wconf 84' lang='lat' dir='ltr'><strong><em>quali</em></strong></span> <span class='ocrx_word' id='word_1_24' title='bbox 776 461 907 502; x_wconf 85' lang='lat' dir='ltr'><strong><em>solam</em></strong></span> <span class='ocrx_word' id='word_1_25' title='bbox 940 461 1114 503; x_wconf 74' lang='lat' dir='ltr'><strong><em>Theseus</em></strong></span> <span class='ocrx_word' id='word_1_26' title='bbox 1143 475 1212 502; x_wconf 90' lang='lat' dir='ltr'><strong><em>me</em></strong></span> <span class='ocrx_word' id='word_1_27' title='bbox 1242 467 1372 502; x_wconf 78' lang='lat' dir='ltr'><strong><em>meme</em></strong></span> <span class='ocrx_word' id='word_1_28' title='bbox 1403 461 1577 514; x_wconf 79' lang='lat' dir='ltr'><strong><em>reliquit.</em></strong></span> 
     </span>
     <span class='ocr_line' id='line_1_6' title="bbox 306 530 1803 586; baseline -0.001 -12"><span class='ocrx_word' id='word_1_29' title='bbox 306 530 534 575; x_wconf 75' lang='lat' dir='ltr'><strong><em>Praeterea</em></strong></span> <span class='ocrx_word' id='word_1_30' title='bbox 581 531 685 574; x_wconf 79' lang='lat' dir='ltr'><strong><em>haec</em></strong></span> <span class='ocrx_word' id='word_1_31' title='bbox 732 546 755 573; x_wconf 91' lang='lat' dir='ltr'><strong><em>e</em></strong></span> <span class='ocrx_word' id='word_1_32' title='bbox 802 530 963 584; x_wconf 82' lang='lat' dir='ltr'><strong><em>Catulli</em></strong></span> <span class='ocrx_word' id='word_1_33' title='bbox 1012 533 1271 575; x_wconf 87' lang='lat' dir='ltr'>carminibus</span> <span class='ocrx_word' id='word_1_34' title='bbox 1322 532 1561 586; x_wconf 83' lang='lat' dir='ltr'><strong><em>comparari</em></strong></span> <span class='ocrx_word' id='word_1_35' title='bbox 1610 535 1803 586; x_wconf 80' lang='lat' dir='ltr'><strong><em>possunt,</em></strong></span> 
     </span>
     <span class='ocr_line' id='line_1_7' title="bbox 304 603 1802 661; baseline -0.001 -15"><span class='ocrx_word' id='word_1_36' title='bbox 304 617 484 658; x_wconf 84' lang='lat' dir='ltr'><strong><em>quorum</em></strong></span> <span class='ocrx_word' id='word_1_37' title='bbox 526 603 710 658; x_wconf 89' lang='lat' dir='ltr'><strong><em>primum</em></strong></span> <span class='ocrx_word' id='word_1_38' title='bbox 759 603 864 646; x_wconf 79' lang='lat' dir='ltr'><strong><em>adeo</em></strong></span> <span class='ocrx_word' id='word_1_39' title='bbox 901 604 1101 646; x_wconf 81' lang='lat' dir='ltr'><strong><em>audacius</em></strong></span> <span class='ocrx_word' id='word_1_40' title='bbox 1133 619 1264 659; x_wconf 84' lang='lat' dir='ltr'><strong><em>quam</em></strong></span> <span class='ocrx_word' id='word_1_41' title='bbox 1302 603 1406 646; x_wconf 83' lang='lat' dir='ltr'><strong><em>illud</em></strong></span> <span class='ocrx_word' id='word_1_42' title='bbox 1447 604 1498 646; x_wconf 89' lang='lat' dir='ltr'><strong><em>de</em></strong></span> <span class='ocrx_word' id='word_1_43' title='bbox 1535 617 1621 660; x_wconf 89' lang='lat' dir='ltr'><strong><em>quo</em></strong></span> <span class='ocrx_word' id='word_1_44' title='bbox 1654 605 1802 661; x_wconf 83' lang='lat' dir='ltr'><strong><em>agitur</em></strong></span> 
     </span>
     <span class='ocr_line' id='line_1_8' title="bbox 303 672 687 717; baseline -0.003 0"><span class='ocrx_word' id='word_1_45' title='bbox 303 673 465 717; x_wconf 76' lang='lat' dir='ltr'><strong><em>dictum</em></strong></span> <span class='ocrx_word' id='word_1_46' title='bbox 498 672 687 716; x_wconf 88' lang='lat' dir='ltr'><strong><em>videtur:</em></strong></span> 
     </span>
    </p>

    <p class='ocr_par' dir='ltr' id='par_1_5' title="bbox 420 743 1802 1372">
     <span class='ocr_line' id='line_1_9' title="bbox 424 743 981 795; baseline 0.009 -9"><span class='ocrx_word' id='word_1_47' title='bbox 424 743 587 795; x_wconf 86' lang='lat'>68‚132</span> <span class='ocrx_word' id='word_1_48' title='bbox 958 784 981 791; x_wconf 71' lang='grc'><strong><em>,</em></strong></span> 
     </span>
     <span class='ocr_line' id='line_1_10' title="bbox 519 818 1586 872; baseline 0 -13"><span class='ocrx_word' id='word_1_49' title='bbox 519 818 613 859; x_wconf 65' lang='lat' dir='ltr'><strong><em>Lux</em></strong></span> <span class='ocrx_word' id='word_1_50' title='bbox 645 833 749 860; x_wconf 85' lang='lat' dir='ltr'><strong><em>mea</em></strong></span> <span class='ocrx_word' id='word_1_51' title='bbox 780 833 824 860; x_wconf 85' lang='lat' dir='ltr'><strong><em>se</em></strong></span> <span class='ocrx_word' id='word_1_52' title='bbox 854 825 1079 861; x_wconf 85' lang='lat' dir='ltr'><strong><em>nostrum</em></strong></span> <span class='ocrx_word' id='word_1_53' title='bbox 1111 820 1275 860; x_wconf 78' lang='lat' dir='ltr'><strong><em>contulit</em></strong></span> <span class='ocrx_word' id='word_1_54' title='bbox 1306 820 1347 860; x_wconf 82' lang='lat' dir='ltr'><strong><em>in</em></strong></span> <span class='ocrx_word' id='word_1_55' title='bbox 1378 821 1586 872; x_wconf 66' lang='lat' dir='ltr'><strong><em>premium.</em></strong></span> 
     </span>
     <span class='ocr_line' id='line_1_11' title="bbox 422 888 596 940; baseline 0.006 -10"><span class='ocrx_word' id='word_1_56' title='bbox 422 888 596 940; x_wconf 88' lang='lat' dir='ltr'>ll6‚5.6</span> 
     </span>
     <span class='ocr_line' id='line_1_12' title="bbox 515 962 1802 1016; baseline 0.001 -13"><span class='ocrx_word' id='word_1_57' title='bbox 515 962 634 1003; x_wconf 86' lang='lat' dir='ltr'><strong><em>Hunc</em></strong></span> <span class='ocrx_word' id='word_1_58' title='bbox 663 962 780 1003; x_wconf 80' lang='lat' dir='ltr'><strong><em>video</em></strong></span> <span class='ocrx_word' id='word_1_59' title='bbox 812 963 930 1003; x_wconf 76' lang='lat' dir='ltr'><strong><em>mihi</em></strong></span> <span class='ocrx_word' id='word_1_60' title='bbox 960 976 1067 1003; x_wconf 85' lang='lat' dir='ltr'><strong><em>nunc</em></strong></span> <span class='ocrx_word' id='word_1_61' title='bbox 1095 964 1256 1016; x_wconf 78' lang='lat' dir='ltr'><strong><em>frustra</em></strong></span> <span class='ocrx_word' id='word_1_62' title='bbox 1273 968 1476 1016; x_wconf 84' lang='lat' dir='ltr'><strong><em>sumptum</em></strong></span> <span class='ocrx_word' id='word_1_63' title='bbox 1497 976 1584 1004; x_wconf 83' lang='lat' dir='ltr'><strong><em>esse</em></strong></span> <span class='ocrx_word' id='word_1_64' title='bbox 1605 964 1802 1015; x_wconf 82' lang='lat' dir='ltr'><strong><em>laborem,</em></strong></span> 
     </span>
     <span class='ocr_line' id='line_1_13' title="bbox 589 1034 1540 1088; baseline 0.002 -14"><span class='ocrx_word' id='word_1_65' title='bbox 589 1034 704 1083; x_wconf 73' lang='lat' dir='ltr'><strong><em>Gelli,</em></strong></span> <span class='ocrx_word' id='word_1_66' title='bbox 735 1048 809 1075; x_wconf 87' lang='lat' dir='ltr'><strong><em>nec</em></strong></span> <span class='ocrx_word' id='word_1_67' title='bbox 839 1040 1051 1076; x_wconf 84' lang='lat' dir='ltr'><strong><em>nostras</em></strong></span> <span class='ocrx_word' id='word_1_68' title='bbox 1082 1035 1148 1075; x_wconf 80' lang='lat' dir='ltr'><strong><em>hic</em></strong></span> <span class='ocrx_word' id='word_1_69' title='bbox 1178 1035 1354 1076; x_wconf 83' lang='lat' dir='ltr'><strong><em>valuisse</em></strong></span> <span class='ocrx_word' id='word_1_70' title='bbox 1382 1048 1540 1088; x_wconf 82' lang='lat' dir='ltr'><strong><em>preces.</em></strong></span> 
     </span>
     <span class='ocr_line' id='line_1_14' title="bbox 423 1104 629 1156; baseline 0 -10"><span class='ocrx_word' id='word_1_71' title='bbox 423 1104 629 1156; x_wconf 84' lang='lat'><strong>68,91.92</strong></span> 
     </span>
     <span class='ocr_line' id='line_1_15' title="bbox 521 1177 1617 1232; baseline 0.002 -14"><span class='ocrx_word' id='word_1_72' title='bbox 521 1177 688 1228; x_wconf 82' lang='lat' dir='ltr'><strong><em>Quaene</em></strong></span> <span class='ocrx_word' id='word_1_73' title='bbox 719 1179 842 1218; x_wconf 87' lang='lat' dir='ltr'><strong><em>etiam</em></strong></span> <span class='ocrx_word' id='word_1_74' title='bbox 873 1182 1046 1219; x_wconf 86' lang='lat' dir='ltr'><strong><em>nostro</em></strong></span> <span class='ocrx_word' id='word_1_75' title='bbox 1078 1178 1198 1219; x_wconf 86' lang='lat' dir='ltr'><strong><em>letum</em></strong></span> <span class='ocrx_word' id='word_1_76' title='bbox 1229 1179 1459 1220; x_wconf 77' lang='lat' dir='ltr'><strong><em>miserabile</em></strong></span> <span class='ocrx_word' id='word_1_77' title='bbox 1488 1180 1617 1232; x_wconf 75' lang='lat' dir='ltr'><strong><em>[ratri</em></strong></span> 
     </span>
     <span class='ocr_line' id='line_1_16' title="bbox 586 1248 1589 1305; baseline 0.002 -15"><span class='ocrx_word' id='word_1_78' title='bbox 586 1248 742 1291; x_wconf 80' lang='lat' dir='ltr'><strong><em>Attulit.</em></strong></span> <span class='ocrx_word' id='word_1_79' title='bbox 789 1250 864 1290; x_wconf 89' lang='lat' dir='ltr'><strong><em>Hei</em></strong></span> <span class='ocrx_word' id='word_1_80' title='bbox 894 1251 1043 1291; x_wconf 81' lang='lat' dir='ltr'><strong><em>misero</em></strong></span> <span class='ocrx_word' id='word_1_81' title='bbox 1072 1251 1209 1303; x_wconf 75' lang='lat' dir='ltr'><strong><em>frater</em></strong></span> <span class='ocrx_word' id='word_1_82' title='bbox 1240 1251 1428 1305; x_wconf 80' lang='lat' dir='ltr'><strong><em>adempte</em></strong></span> <span class='ocrx_word' id='word_1_83' title='bbox 1458 1252 1589 1294; x_wconf 73' lang='lat' dir='ltr'><strong><em>mihi.</em></strong></span> 
     </span>
     <span class='ocr_line' id='line_1_17' title="bbox 420 1318 626 1372; baseline 0 -10"><span class='ocrx_word' id='word_1_84' title='bbox 420 1318 626 1372; x_wconf 79' lang='lat'>50,17.18</span> 
     </span>
    </p>

    <p class='ocr_par' dir='ltr' id='par_1_6' title="bbox 513 1393 1386 1447">
     <span class='ocr_line' id='line_1_18' title="bbox 513 1393 1386 1447; baseline 0.002 -14"><span class='ocrx_word' id='word_1_85' title='bbox 513 1393 583 1434; x_wconf 76' lang='lat' dir='ltr'><strong><em>Ex</em></strong></span> <span class='ocrx_word' id='word_1_86' title='bbox 614 1405 695 1447; x_wconf 84' lang='lat' dir='ltr'><strong><em>quo</em></strong></span> <span class='ocrx_word' id='word_1_87' title='bbox 724 1394 981 1446; x_wconf 81' lang='lat' dir='ltr'><strong><em>perspiceres</em></strong></span> <span class='ocrx_word' id='word_1_88' title='bbox 1011 1408 1163 1435; x_wconf 86' lang='lat' dir='ltr'><strong><em>meum</em></strong></span> <span class='ocrx_word' id='word_1_89' title='bbox 1194 1394 1386 1436; x_wconf 83' lang='lat' dir='ltr'><strong><em>dolorem.</em></strong></span> 
     </span>
    </p>

    <p class='ocr_par' dir='ltr' id='par_1_7' title="bbox 515 1465 1563 1520">
     <span class='ocr_line' id='line_1_19' title="bbox 515 1465 1563 1520; baseline 0.001 -15"><span class='ocrx_word' id='word_1_90' title='bbox 515 1465 635 1506; x_wconf 82' lang='lat' dir='ltr'><strong><em>Nunc</em></strong></span> <span class='ocrx_word' id='word_1_91' title='bbox 667 1465 813 1506; x_wconf 76' lang='lat' dir='ltr'><strong><em>audax</em></strong></span> <span class='ocrx_word' id='word_1_92' title='bbox 844 1479 945 1507; x_wconf 83' lang='lat' dir='ltr'><strong><em>cave</em></strong></span> <span class='ocrx_word' id='word_1_93' title='bbox 974 1468 1059 1516; x_wconf 82' lang='lat' dir='ltr'><strong><em>sis,</em></strong></span> <span class='ocrx_word' id='word_1_94' title='bbox 1089 1480 1313 1520; x_wconf 81' lang='lat' dir='ltr'><strong><em>precesque</em></strong></span> <span class='ocrx_word' id='word_1_95' title='bbox 1344 1472 1563 1508; x_wconf 83' lang='lat' dir='ltr'><strong><em>nostras.</em></strong></span> 
     </span>
    </p>

    <p class='ocr_par' dir='ltr' id='par_1_8' title="bbox 300 1533 1801 1650">
     <span class='ocr_line' id='line_1_20' title="bbox 300 1533 1801 1592; baseline 0.001 -15"><span class='ocrx_word' id='word_1_96' title='bbox 300 1533 450 1590; x_wconf 83' lang='lat' dir='ltr'><strong><em>Neque</em></strong></span> <span class='ocrx_word' id='word_1_97' title='bbox 495 1536 539 1577; x_wconf 90' lang='lat' dir='ltr'><strong><em>in</em></strong></span> <span class='ocrx_word' id='word_1_98' title='bbox 578 1535 646 1578; x_wconf 86' lang='lat' dir='ltr'><strong><em>his</em></strong></span> <span class='ocrx_word' id='word_1_99' title='bbox 687 1535 878 1579; x_wconf 85' lang='lat' dir='ltr'><strong><em>versibus</em></strong></span> <span class='ocrx_word' id='word_1_100' title='bbox 916 1536 1117 1579; x_wconf 79' lang='lat' dir='ltr'><strong><em>carminis</em></strong></span> <span class='ocrx_word' id='word_1_101' title='bbox 1162 1538 1265 1588; x_wconf 87' lang='grc'>107,</span> <span class='ocrx_word' id='word_1_102' title='bbox 1313 1537 1387 1592; x_wconf 88' lang='lat' dir='ltr'><strong><em>qui</em></strong></span> <span class='ocrx_word' id='word_1_103' title='bbox 1424 1538 1484 1579; x_wconf 85' lang='lat' dir='ltr'><strong><em>sic</em></strong></span> <span class='ocrx_word' id='word_1_104' title='bbox 1514 1537 1559 1579; x_wconf 90' lang='lat' dir='ltr'><strong><em>in</em></strong></span> <span class='ocrx_word' id='word_1_105' title='bbox 1590 1536 1801 1579; x_wconf 85' lang='lat' dir='ltr'><strong><em>codicibus</em></strong></span> 
     </span>
     <span class='ocr_line' id='line_1_21' title="bbox 300 1607 615 1650; baseline 0 -2"><span class='ocrx_word' id='word_1_106' title='bbox 300 1607 467 1650; x_wconf 78' lang='lat' dir='ltr'><strong><em>exarati</em></strong></span> <span class='ocrx_word' id='word_1_107' title='bbox 497 1611 615 1650; x_wconf 86' lang='lat' dir='ltr'><strong><em>sunt:</em></strong></span> 
     </span>
    </p>

    <p class='ocr_par' dir='ltr' id='par_1_9' title="bbox 518 1680 1751 1736">
     <span class='ocr_line' id='line_1_22' title="bbox 518 1680 1751 1736; baseline 0.002 -16"><span class='ocrx_word' id='word_1_108' title='bbox 518 1680 658 1730; x_wconf 83' lang='lat' dir='ltr'><strong><em>Quare</em></strong></span> <span class='ocrx_word' id='word_1_109' title='bbox 688 1682 764 1721; x_wconf 77' lang='lat' dir='ltr'><strong><em>hoc</em></strong></span> <span class='ocrx_word' id='word_1_110' title='bbox 794 1685 853 1721; x_wconf 86' lang='lat' dir='ltr'><strong><em>est</em></strong></span> <span class='ocrx_word' id='word_1_111' title='bbox 884 1686 1048 1733; x_wconf 73' lang='lat' dir='ltr'><strong><em>yratum</em></strong></span> <span class='ocrx_word' id='word_1_112' title='bbox 1079 1682 1225 1723; x_wconf 86' lang='lat' dir='ltr'><strong><em>nobis</em></strong></span> <span class='ocrx_word' id='word_1_113' title='bbox 1256 1696 1430 1736; x_wconf 84' lang='lat' dir='ltr'><strong><em>quoque,</em></strong></span> <span class='ocrx_word' id='word_1_114' title='bbox 1462 1682 1601 1723; x_wconf 87' lang='lat' dir='ltr'><strong><em>carius</em></strong></span> <span class='ocrx_word' id='word_1_115' title='bbox 1632 1694 1751 1733; x_wconf 86' lang='lat' dir='ltr'><strong><em>auro,</em></strong></span> 
     </span>
    </p>

    <p class='ocr_par' dir='ltr' id='par_1_10' title="bbox 297 1752 1798 2094">
     <span class='ocr_line' id='line_1_23' title="bbox 587 1752 1479 1808; baseline 0.003 -16"><span class='ocrx_word' id='word_1_116' title='bbox 587 1752 707 1802; x_wconf 82' lang='lat' dir='ltr'><strong><em>Quod</em></strong></span> <span class='ocrx_word' id='word_1_117' title='bbox 736 1757 774 1793; x_wconf 84' lang='lat' dir='ltr'><strong><em>te</em></strong></span> <span class='ocrx_word' id='word_1_118' title='bbox 805 1754 997 1803; x_wconf 79' lang='lat' dir='ltr'><strong><em>restituis,</em></strong></span> <span class='ocrx_word' id='word_1_119' title='bbox 1030 1753 1191 1805; x_wconf 85' lang='lat' dir='ltr'><strong><em>Lesbia,</em></strong></span> <span class='ocrx_word' id='word_1_120' title='bbox 1222 1755 1286 1794; x_wconf 81' lang='lat' dir='ltr'><strong><em>mi</em></strong></span> <span class='ocrx_word' id='word_1_121' title='bbox 1316 1754 1479 1808; x_wconf 77' lang='lat' dir='ltr'><strong><em>cupido,</em></strong></span> 
     </span>
     <span class='ocr_line' id='line_1_24' title="bbox 513 1825 1659 1880; baseline 0.001 -15"><span class='ocrx_word' id='word_1_122' title='bbox 513 1825 706 1865; x_wconf 83' lang='lat' dir='ltr'><strong><em>Restituis</em></strong></span> <span class='ocrx_word' id='word_1_123' title='bbox 737 1825 886 1878; x_wconf 84' lang='lat' dir='ltr'><strong><em>cupido</em></strong></span> <span class='ocrx_word' id='word_1_124' title='bbox 918 1830 1040 1878; x_wconf 81' lang='lat' dir='ltr'><strong><em>atque</em></strong></span> <span class='ocrx_word' id='word_1_125' title='bbox 1072 1827 1303 1879; x_wconf 80' lang='lat' dir='ltr'><strong><em>insperanti</em></strong></span> <span class='ocrx_word' id='word_1_126' title='bbox 1331 1828 1425 1880; x_wconf 78' lang='lat' dir='ltr'><strong><em>ipsa</em></strong></span> <span class='ocrx_word' id='word_1_127' title='bbox 1457 1827 1590 1879; x_wconf 81' lang='lat' dir='ltr'><strong><em>refers</em></strong></span> <span class='ocrx_word' id='word_1_128' title='bbox 1620 1831 1659 1866; x_wconf 86' lang='lat' dir='ltr'><strong><em>te</em></strong></span> 
     </span>
     <span class='ocr_line' id='line_1_25' title="bbox 582 1897 1421 1950; baseline 0 -12"><span class='ocrx_word' id='word_1_129' title='bbox 582 1897 624 1938; x_wconf 90' lang='lat' dir='ltr'><strong><em>N</em></strong></span> <span class='ocrx_word' id='word_1_130' title='bbox 629 1897 750 1938; x_wconf 87' lang='lat' dir='ltr'><strong><em>obis.</em></strong></span> <span class='ocrx_word' id='word_1_131' title='bbox 816 1897 850 1937; x_wconf 91' lang='lat'><em>0</em></span> <span class='ocrx_word' id='word_1_132' title='bbox 881 1897 1010 1937; x_wconf 84' lang='lat' dir='ltr'><strong><em>lucem</em></strong></span> <span class='ocrx_word' id='word_1_133' title='bbox 1042 1899 1281 1950; x_wconf 69' lang='lat' dir='ltr'><strong><em>candidiore</em></strong></span> <span class='ocrx_word' id='word_1_134' title='bbox 1310 1904 1421 1940; x_wconf 82' lang='lat' dir='ltr'><strong><em>nota.</em></strong></span> 
     </span>
     <span class='ocr_line' id='line_1_26' title="bbox 297 1967 1798 2024; baseline 0.001 -16"><span class='ocrx_word' id='word_1_135' title='bbox 297 1968 405 2018; x_wconf 77' lang='lat' dir='ltr'><strong><em>erat,</em></strong></span> <span class='ocrx_word' id='word_1_136' title='bbox 445 1981 520 2009; x_wconf 89' lang='lat' dir='ltr'><strong><em>cur</em></strong></span> <span class='ocrx_word' id='word_1_137' title='bbox 558 1967 604 2009; x_wconf 90' lang='lat' dir='ltr'><strong><em>in</em></strong></span> <span class='ocrx_word' id='word_1_138' title='bbox 636 1982 675 2011; x_wconf 86' lang='lat' dir='ltr'><strong><em>v.</em></strong></span> <span class='ocrx_word' id='word_1_139' title='bbox 712 1971 731 2009; x_wconf 90' lang='lat'>1</span> <span class='ocrx_word' id='word_1_140' title='bbox 774 1969 888 2009; x_wconf 85' lang='lat' dir='ltr'><strong><em>nobis</em></strong></span> <span class='ocrx_word' id='word_1_141' title='bbox 918 1969 1172 2024; x_wconf 77' lang='lat' dir='ltr'><strong><em>tangeretur</em></strong></span> <span class='ocrx_word' id='word_1_142' title='bbox 1204 1972 1280 2011; x_wconf 82' lang='lat' dir='ltr'><strong><em>aut</em></strong></span> <span class='ocrx_word' id='word_1_143' title='bbox 1310 1970 1355 2011; x_wconf 91' lang='lat' dir='ltr'><strong><em>in</em></strong></span> <span class='ocrx_word' id='word_1_144' title='bbox 1388 1983 1426 2010; x_wconf 83' lang='lat' dir='ltr'><strong><em>v.</em></strong></span> <span class='ocrx_word' id='word_1_145' title='bbox 1458 1968 1486 2011; x_wconf 85' lang='lat'><strong>3</strong></span> <span class='ocrx_word' id='word_1_146' title='bbox 1518 1969 1798 2023; x_wconf 84' lang='lat' dir='ltr'><strong><em>interpunge-</em></strong></span> 
     </span>
     <span class='ocr_line' id='line_1_27' title="bbox 299 2038 1795 2094; baseline 0 -14"><span class='ocrx_word' id='word_1_147' title='bbox 299 2040 420 2080; x_wconf 82' lang='lat' dir='ltr'><strong><em>retur</em></strong></span> <span class='ocrx_word' id='word_1_148' title='bbox 451 2042 548 2094; x_wconf 83' lang='lat' dir='ltr'><strong><em>post-</em></strong></span> <span class='ocrx_word' id='word_1_149' title='bbox 579 2045 629 2082; x_wconf 83' lang='lat' dir='ltr'><strong><em>te.</em></strong></span> <span class='ocrx_word' id='word_1_150' title='bbox 676 2038 870 2094; x_wconf 89' lang='lat' dir='ltr'><strong><em>Denique</em></strong></span> <span class='ocrx_word' id='word_1_151' title='bbox 901 2039 944 2080; x_wconf 94' lang='lat' dir='ltr'><strong><em>in</em></strong></span> <span class='ocrx_word' id='word_1_152' title='bbox 967 2040 1084 2091; x_wconf 57' lang='lat'>424,</span> <span class='ocrx_word' id='word_1_153' title='bbox 1119 2040 1191 2083; x_wconf 91' lang='lat' dir='ltr'><strong><em>ubi</em></strong></span> <span class='ocrx_word' id='word_1_154' title='bbox 1220 2040 1382 2083; x_wconf 89' lang='lat' dir='ltr'><strong><em>codices</em></strong></span> <span class='ocrx_word' id='word_1_155' title='bbox 1414 2040 1619 2083; x_wconf 74' lang='lat' dir='ltr'><strong><em>exhibent</em></strong></span> <span class='ocrx_word' id='word_1_156' title='bbox 1639 2046 1795 2081; x_wconf 82' lang='lat' dir='ltr'><strong><em>vestra:</em></strong></span> 
     </span>
    </p>
   </div>
   <div class='ocr_carea' id='block_1_4' title="bbox 298 2124 1796 2410">
    <p class='ocr_par' dir='ltr' id='par_1_11' title="bbox 511 2124 1296 2176">
     <span class='ocr_line' id='line_1_28' title="bbox 511 2124 1296 2176; baseline 0.001 -12"><span class='ocrx_word' id='word_1_157' title='bbox 511 2124 565 2164; x_wconf 87' lang='lat' dir='ltr'><strong><em>Et</em></strong></span> <span class='ocrx_word' id='word_1_158' title='bbox 594 2130 716 2176; x_wconf 80' lang='lat' dir='ltr'><strong><em>neyat</em></strong></span> <span class='ocrx_word' id='word_1_159' title='bbox 748 2125 843 2164; x_wconf 74' lang='lat' dir='ltr'><strong><em>mihi</em></strong></span> <span class='ocrx_word' id='word_1_160' title='bbox 875 2130 1011 2165; x_wconf 71' lang='lat' dir='ltr'><strong><em>cestra</em></strong></span> <span class='ocrx_word' id='word_1_161' title='bbox 1042 2124 1296 2165; x_wconf 80' lang='lat' dir='ltr'><strong><em>reddituram</em></strong></span> 
     </span>
    </p>

    <p class='ocr_par' dir='ltr' id='par_1_12' title="bbox 298 2195 1796 2410">
     <span class='ocr_line' id='line_1_29' title="bbox 512 2195 1243 2249; baseline 0.003 -14"><span class='ocrx_word' id='word_1_162' title='bbox 512 2195 755 2248; x_wconf 74' lang='lat' dir='ltr'><strong><em>Puqillaria,</em></strong></span> <span class='ocrx_word' id='word_1_163' title='bbox 789 2219 845 2226; x_wconf 89' lang='lat'><strong><em>—-</em></strong></span> <span class='ocrx_word' id='word_1_164' title='bbox 875 2198 911 2236; x_wconf 86' lang='lat' dir='ltr'><strong><em>si</em></strong></span> <span class='ocrx_word' id='word_1_165' title='bbox 940 2197 1031 2248; x_wconf 86' lang='lat' dir='ltr'><strong><em>pati</em></strong></span> <span class='ocrx_word' id='word_1_166' title='bbox 1059 2199 1243 2249; x_wconf 83' lang='lat' dir='ltr'><strong><em>potestis,</em></strong></span> 
     </span>
     <span class='ocr_line' id='line_1_30' title="bbox 298 2282 1796 2341; baseline -0.001 -16"><span class='ocrx_word' id='word_1_167' title='bbox 298 2297 559 2338; x_wconf 73' lang='lat' dir='ltr'><strong><em>quamquam</em></strong></span> <span class='ocrx_word' id='word_1_168' title='bbox 605 2282 648 2324; x_wconf 90' lang='lat' dir='ltr'><strong><em>id</em></strong></span> <span class='ocrx_word' id='word_1_169' title='bbox 695 2284 840 2338; x_wconf 84' lang='lat' dir='ltr'><strong><em>aliquo</em></strong></span> <span class='ocrx_word' id='word_1_170' title='bbox 878 2285 1000 2326; x_wconf 86' lang='lat' dir='ltr'><strong><em>modo</em></strong></span> <span class='ocrx_word' id='word_1_171' title='bbox 1038 2285 1242 2339; x_wconf 71' lang='lat' dir='ltr'><strong><em>explicari</em></strong></span> <span class='ocrx_word' id='word_1_172' title='bbox 1274 2288 1436 2341; x_wconf 83' lang='lat' dir='ltr'><strong><em>potest,</em></strong></span> <span class='ocrx_word' id='word_1_173' title='bbox 1476 2287 1624 2327; x_wconf 84' lang='lat' dir='ltr'><strong><em>tamen</em></strong></span> <span class='ocrx_word' id='word_1_174' title='bbox 1654 2289 1796 2325; x_wconf 84' lang='lat' dir='ltr'><strong><em>nostra</em></strong></span> 
     </span>
     <span class='ocr_line' id='line_1_31' title="bbox 298 2354 1003 2410; baseline 0 -12"><span class='ocrx_word' id='word_1_175' title='bbox 298 2354 482 2398; x_wconf 80' lang='lat' dir='ltr'><strong><em>scribere</em></strong></span> <span class='ocrx_word' id='word_1_176' title='bbox 511 2355 601 2397; x_wconf 87' lang='lat' dir='ltr'><strong><em>sine</em></strong></span> <span class='ocrx_word' id='word_1_177' title='bbox 631 2355 760 2397; x_wconf 89' lang='lat' dir='ltr'><strong><em>dubio</em></strong></span> <span class='ocrx_word' id='word_1_178' title='bbox 790 2358 1003 2410; x_wconf 85' lang='lat' dir='ltr'><strong><em>praestat:</em></strong></span> 
     </span>
    </p>
   </div>
   <div class='ocr_carea' id='block_1_5' title="bbox 512 2440 1357 2565">
    <p class='ocr_par' dir='ltr' id='par_1_13' title="bbox 512 2440 1357 2565">
     <span class='ocr_line' id='line_1_32' title="bbox 512 2440 1357 2493; baseline 0.004 -13"><span class='ocrx_word' id='word_1_179' title='bbox 512 2440 565 2480; x_wconf 89' lang='lat' dir='ltr'><strong><em>Et</em></strong></span> <span class='ocrx_word' id='word_1_180' title='bbox 595 2445 717 2493; x_wconf 75' lang='lat' dir='ltr'><strong><em>ueyat</em></strong></span> <span class='ocrx_word' id='word_1_181' title='bbox 749 2442 864 2481; x_wconf 76' lang='lat' dir='ltr'><strong><em>mihi</em></strong></span> <span class='ocrx_word' id='word_1_182' title='bbox 894 2447 1072 2482; x_wconf 85' lang='lat' dir='ltr'><strong><em>nostra</em></strong></span> <span class='ocrx_word' id='word_1_183' title='bbox 1103 2442 1357 2483; x_wconf 82' lang='lat' dir='ltr'><strong><em>reddituram</em></strong></span> 
     </span>
     <span class='ocr_line' id='line_1_33' title="bbox 512 2511 754 2565; baseline 0.004 -14"><span class='ocrx_word' id='word_1_184' title='bbox 512 2511 754 2565; x_wconf 75' lang='lat' dir='ltr'><strong><em>Puyillaria.</em></strong></span> 
     </span>
    </p>
   </div>
   <div class='ocr_carea' id='block_1_6' title="bbox 297 2598 1794 2730">
    <p class='ocr_par' dir='ltr' id='par_1_14' title="bbox 297 2598 1794 2730">
     <span class='ocr_line' id='line_1_34' title="bbox 297 2598 1794 2656; baseline 0 -15"><span class='ocrx_word' id='word_1_185' title='bbox 297 2598 363 2641; x_wconf 79' lang='lat' dir='ltr'><strong><em>Ex</em></strong></span> <span class='ocrx_word' id='word_1_186' title='bbox 410 2600 561 2642; x_wconf 88' lang='lat' dir='ltr'><strong><em>ceteris</em></strong></span> <span class='ocrx_word' id='word_1_187' title='bbox 607 2600 885 2655; x_wconf 78' lang='lat' dir='ltr'><strong><em>scriptoribus</em></strong></span> <span class='ocrx_word' id='word_1_188' title='bbox 924 2616 1056 2644; x_wconf 88' lang='lat' dir='ltr'><strong><em>unum</em></strong></span> <span class='ocrx_word' id='word_1_189' title='bbox 1094 2602 1331 2656; x_wconf 82' lang='lat' dir='ltr'><strong><em>exemplum</em></strong></span> <span class='ocrx_word' id='word_1_190' title='bbox 1376 2603 1528 2654; x_wconf 80' lang='lat' dir='ltr'><strong><em>affero,</em></strong></span> <span class='ocrx_word' id='word_1_191' title='bbox 1566 2602 1676 2656; x_wconf 86' lang='lat' dir='ltr'><strong><em>quod</em></strong></span> <span class='ocrx_word' id='word_1_192' title='bbox 1711 2615 1794 2642; x_wconf 91' lang='lat' dir='ltr'><strong><em>non</em></strong></span> 
     </span>
     <span class='ocr_line' id='line_1_35' title="bbox 297 2671 1362 2730; baseline 0.003 -17"><span class='ocrx_word' id='word_1_193' title='bbox 297 2671 511 2714; x_wconf 87' lang='lat' dir='ltr'><strong><em>inutiliter</em></strong></span> <span class='ocrx_word' id='word_1_194' title='bbox 541 2673 873 2727; x_wconf 84' lang='lat' dir='ltr'><strong><em>comparabitur,</em></strong></span> <span class='ocrx_word' id='word_1_195' title='bbox 905 2672 1036 2730; x_wconf 83' lang='lat' dir='ltr'><strong><em>Verg.</em></strong></span> <span class='ocrx_word' id='word_1_196' title='bbox 1070 2673 1160 2716; x_wconf 79' lang='lat' dir='ltr'><strong><em>Ecl.</em></strong></span> <span class='ocrx_word' id='word_1_197' title='bbox 1194 2673 1236 2715; x_wconf 93' lang='lat' dir='ltr'><strong><em>II</em></strong></span> <span class='ocrx_word' id='word_1_198' title='bbox 1269 2675 1362 2718; x_wconf 84' lang='lat'><strong>6.7:</strong></span> 
     </span>
    </p>
   </div>
   <div class='ocr_carea' id='block_1_7' title="bbox 511 2759 1645 2886">
    <p class='ocr_par' dir='ltr' id='par_1_15' title="bbox 511 2759 1645 2886">
     <span class='ocr_line' id='line_1_36' title="bbox 513 2759 1588 2810; baseline 0.003 -13"><span class='ocrx_word' id='word_1_199' title='bbox 513 2759 547 2798; x_wconf 85' lang='lat'><em>0</em></span> <span class='ocrx_word' id='word_1_200' title='bbox 580 2759 755 2799; x_wconf 81' lang='lat' dir='ltr'><strong><em>crudelis</em></strong></span> <span class='ocrx_word' id='word_1_201' title='bbox 787 2759 920 2810; x_wconf 76' lang='lat' dir='ltr'><strong><em>Alexi,</em></strong></span> <span class='ocrx_word' id='word_1_202' title='bbox 953 2761 1053 2800; x_wconf 69' lang='lat' dir='ltr'><strong><em>nini!</em></strong></span> <span class='ocrx_word' id='word_1_203' title='bbox 1080 2773 1184 2800; x_wconf 86' lang='lat' dir='ltr'><strong><em>mea</em></strong></span> <span class='ocrx_word' id='word_1_204' title='bbox 1218 2761 1404 2801; x_wconf 83' lang='lat' dir='ltr'><strong><em>carmina</em></strong></span> <span class='ocrx_word' id='word_1_205' title='bbox 1436 2762 1588 2801; x_wconf 80' lang='lat' dir='ltr'><strong><em>curas?</em></strong></span> 
     </span>
     <span class='ocr_line' id='line_1_37' title="bbox 511 2830 1645 2886; baseline 0.002 -16"><span class='ocrx_word' id='word_1_206' title='bbox 511 2830 580 2870; x_wconf 83' lang='lat' dir='ltr'><strong><em>Nil</em></strong></span> <span class='ocrx_word' id='word_1_207' title='bbox 610 2831 771 2870; x_wconf 81' lang='lat' dir='ltr'><strong><em>nostri</em></strong></span> <span class='ocrx_word' id='word_1_208' title='bbox 803 2831 1020 2872; x_wconf 83' lang='lat' dir='ltr'><strong><em>miserere?</em></strong></span> <span class='ocrx_word' id='word_1_209' title='bbox 1077 2832 1182 2873; x_wconf 83' lang='lat' dir='ltr'><strong><em>Mori</em></strong></span> <span class='ocrx_word' id='word_1_210' title='bbox 1214 2846 1280 2872; x_wconf 85' lang='lat' dir='ltr'><strong><em>me</em></strong></span> <span class='ocrx_word' id='word_1_211' title='bbox 1312 2833 1483 2886; x_wconf 81' lang='lat' dir='ltr'><strong><em>denique</em></strong></span> <span class='ocrx_word' id='word_1_212' title='bbox 1515 2846 1645 2885; x_wconf 76' lang='lat' dir='ltr'><strong><em>coyes.</em></strong></span> 
     </span>
    </p>
   </div>
  </div>
 </body>
</html>
