1950 3256
986 220 1043 261 43

269 339 507 396 scripturas
547 341 879 394 proposuerunt:
936 341 1014 380 teni
1054 345 1091 380 et
1133 346 1325 381 resonam
1369 337 1565 390 Vossius,
1608 341 1766 393 leuique

265 418 414 454 amnt
449 410 703 466 Lennepius‚
739 413 819 452 teni
855 417 1048 453 resonant
1084 410 1285 452 librarius
1330 414 1378 452 ut
1414 410 1581 452 videtur
1611 409 1765 452 codicis

265 482 497 525 Cuiaciaui.
559 481 747 531 Quarum
780 485 971 525 extrema
999 497 1102 537 prae
1122 483 1274 525 ceteris
1295 497 1343 525 eo
1365 482 1532 524 videtur
1553 496 1766 525 commen-

268 553 382 605 dari,
429 555 541 609 quod
587 555 1182 613 solent-poetaesspraecipue
1220 554 1264 596 in
1303 554 1562 613 imaginibus
1599 554 1765 608 copiose

264 625 390 668 elatis
407 612 1263 683 „QumisrQn-tjnffisthTfflffiffi?
1284 614 1478 681 aliqud-
1510 619 1764 676 ἀσυνσέτως

268 697 540 753 interponere
569 698 622 740 cf.
656 695 838 750 Hauptii
868 697 957 740 obs.
990 697 1085 739 crit.
1118 712 1160 752 p.
1193 698 1250 739 33
1282 697 1368 755 (op.
1402 696 1423 738 I
1455 712 1496 752 p.
1528 695 1647 753 105.)
1669 695 1763 739 Cat.

265 767 410 819 6242.
441 769 515 811 53.
547 768 721 820 64,108.
756 767 886 823 Verg.
914 768 1020 811 Aen.
1049 768 1070 810 I
1097 768 1198 811 502.
1228 768 1314 811 VII
1345 768 1445 810 380.
1474 767 1515 810 Χ
1538 767 1638 810 358.
1662 768 1763 812 407.

267 839 354 883 XII
394 841 497 885 333.
534 841 636 883 452.
677 841 775 882 717.
819 840 918 884 911.
977 840 1070 891 Qua
1105 841 1149 882 iu
1185 855 1230 883 re
1267 841 1303 882 si
1337 845 1451 883 recte
1471 839 1763 891 iudicavimus,

264 911 417 955 codicis
455 911 491 955 Ο
538 913 647 955 illud
690 915 909 967 leviterque
953 919 1102 955 sonant
1148 928 1174 955 a
1212 915 1449 954 correctore
1487 911 1637 954 fictum
1675 925 1765 954 esse

264 986 459 1038 apparet,
490 985 565 1038 qui
596 985 735 1027 versui
767 998 964 1026 numeros
996 999 1093 1027 suos
1124 984 1352 1026 restituere
1382 983 1595 1026 studebat.

384 1053 483 1106 64,1
493 1056 513 1097 1

475 1128 557 1169 lua
586 1129 727 1169 rudem
758 1142 880 1170 cursu
910 1131 1124 1182 primam
1155 1130 1296 1170 imbuit
1326 1129 1622 1182 Amphitritcm.

381 1197 499 1240 Haec
520 1201 585 1241 est
606 1199 819 1254 scriptura
840 1199 1048 1242 librorum
1071 1203 1243 1255 praeter
1265 1198 1320 1251 Ο,
1343 1215 1368 1242 a
1405 1214 1491 1255 qua
1528 1198 1688 1255 singuli
1718 1200 1762 1242 in

261 1268 425 1312 levibus
457 1271 709 1325 quibusdam
740 1272 866 1313 rebus
887 1271 1126 1314 discedunt:
1158 1271 1192 1313 L
1223 1272 1268 1314 in
1290 1285 1414 1314 versu
1435 1271 1566 1314 habet
1586 1273 1763 1327 Amphi-

261 1343 453 1393 trionem,
519 1342 591 1384 sed
657 1342 701 1384 in
769 1343 964 1399 margine
1021 1345 1283 1399 adscriptum
1348 1346 1414 1385 est
1457 1345 1762 1398 Amphitritem3

261 1415 400 1466 rudiit,
445 1414 557 1470 quod
604 1414 649 1456 in
681 1414 721 1456 D
768 1418 991 1458 exaratum
1039 1419 1104 1458 est
1151 1429 1229 1470 pro
1266 1417 1427 1468 imbuit,
1466 1430 1582 1459 mero
1620 1431 1763 1459 errore

261 1485 448 1538 librarii,
481 1487 554 1542 qui
597 1487 720 1529 modo
751 1489 893 1529 rudem
923 1488 1195 1539 exaravisset‚
1234 1491 1374 1530 ortum
1409 1492 1502 1538 est3
1539 1491 1763 1544 praeterea

260 1557 301 1600 D
341 1572 428 1601 non
462 1562 640 1613 primam
676 1559 748 1602 sed
783 1562 920 1613 prima
958 1560 1144 1602 exhibet.
1208 1559 1267 1602 Et
1302 1562 1453 1614 prima,
1497 1561 1628 1616 quod*
1646 1560 1764 1603 facili

260 1644 404 1672 errore
443 1631 697 1674 accusativis
734 1633 877 1673 rudem
914 1632 959 1673 et
997 1631 1267 1685 Amphitriten
1306 1632 1536 1687 adaequari
1575 1634 1761 1688 poterat,

259 1716 286 1744 a
316 1701 592 1746 Lachmanno
630 1703 859 1758 probatum
898 1706 983 1755 est,
1023 1703 1096 1758 qui
1132 1718 1299 1746 versum
1337 1707 1387 1746 ut
1425 1704 1500 1747 alii
1531 1706 1632 1747 ante
1663 1718 1761 1747 eum

261 1774 321 1817 sic
353 1773 545 1829 scripsit:

470 1847 552 1888 lua
582 1848 723 1889 rudem
755 1861 877 1889 cursu
907 1849 1045 1902 prima
1074 1849 1215 1890 imbuit
1246 1849 1530 1903 Amphitriten.

260 1915 342 1961 Sed
377 1915 415 1959 O
454 1917 587 1960 habet
624 1918 670 1960 in
707 1933 832 1960 versu
867 1934 1066 1974 praev-am
1097 1918 1183 1975 (vel
1213 1921 1449 1977 praeeam),
1490 1921 1535 1964 in
1567 1921 1760 1977 margine

256 2003 443 2044 proram.
491 1988 681 2041 Ellisius,
714 1990 787 2045 qui
819 1991 982 2046 primus
1016 2006 1064 2034 eo
1095 2007 1195 2034 usus
1229 1997 1306 2044 est,
1339 2007 1365 2034 a
1387 1993 1566 2051 vulgata
1588 1992 1761 2036 recessit

259 2064 303 2103 et
331 2075 499 2103 versum
532 2059 695 2103 Catulli
727 2060 841 2104 hunc
872 2063 1001 2106 fuisse
1031 2065 1237 2119 putabat:

471 2134 551 2174 lua
582 2135 723 2175 rudem
757 2149 878 2176 cursu
907 2150 1079 2189 proram
1109 2138 1251 2178 imbuit
1282 2138 1536 2192 Amphitrite.

258 2203 317 2246 Et
354 2204 619 2260 pronominis
656 2207 729 2247 illa
767 2206 854 2248 vim
890 2208 1169 2262 temporalem
1201 2222 1289 2250 esse
1319 2209 1462 2252 dicens
1493 2211 1632 2251 totam
1662 2222 1759 2251 sen-

257 2275 440 2320 tentiam
478 2276 539 2318 sic
576 2276 789 2332 explicare
830 2278 994 2320 studuit
1034 2276 1096 2334 (iu
1128 2292 1278 2321 comm.
1310 2294 1353 2334 p.
1386 2280 1512 2337 231):
1552 2287 1634 2322 tum
1664 2283 1758 2334 fuit,

258 2355 301 2390 ut
332 2349 574 2402 Amphitrite
611 2363 732 2391 cursu
763 2351 958 2392 imbueret
992 2365 1165 2404 proram
1202 2353 1358 2394 rudem.
1410 2350 1491 2395 Sed
1523 2353 1628 2395 haec
1657 2367 1758 2408 pro·

259 2420 443 2462 nominis
492 2420 819 2464 demonstrativi
871 2422 933 2464 vis
978 2436 1031 2464 ex
1077 2436 1156 2464 usu
1202 2423 1406 2466 sermonis
1446 2424 1593 2468 Latini
1639 2425 1758 2467 nullo

257 2490 380 2534 modo
411 2491 586 2547 probari
616 2494 771 2546 potest.
834 2493 883 2535 Id
905 2492 1189 2536 Baehrensius
1219 2509 1387 2551 quoque
1418 2496 1650 2552 perspexit,
1682 2497 1757 2551 qui

255 2562 514 2619 scripturam
545 2564 600 2606 ab
630 2563 782 2606 Ellisio
813 2565 1151 2609 commendatam
1183 2567 1229 2609 in
1258 2570 1384 2611 textu
1415 2569 1572 2624 posuit,
1604 2569 1648 2611 in
1680 2569 1756 2611 ad-

256 2634 477 2677 notatione
514 2638 656 2678 autem
704 2639 797 2691 ipsa
834 2652 912 2692 pro
948 2640 1020 2680 itta
1057 2639 1329 2682 scribendum
1366 2654 1455 2683 esse
1498 2641 1752 2696 suspicatur.

256 2703 338 2748 Sed
370 2707 459 2749 sive
491 2709 563 2750 illa
593 2709 682 2750 sive
714 2711 807 2763 ipsa
838 2710 1019 2765 legitur,
1058 2710 1283 2753 offensioni
1315 2715 1399 2765 est,
1438 2713 1551 2768 quod
1581 2715 1754 2767 praeter

258 2775 495 2821 Minervam
518 2779 785 2834 Amphitrite
806 2780 1081 2837 Argonautas
1104 2796 1234 2837 opera
1255 2797 1331 2826 sua
1353 2784 1562 2827 adiuvisse
1583 2785 1752 2827 dicitur.

255 2847 370 2891 Nam
421 2864 474 2891 ex
519 2849 777 2894 Graecorum
823 2853 969 2896 fabula
1021 2855 1112 2896 sola
1158 2853 1353 2898 Minerva
1399 2856 1751 2913 Argonautarum
