1950 3256
974 184 1026 226 19

366 300 500 354 6230

367 406 393 409 ,
459 374 629 428 lynotus
657 376 813 428 pecori,
845 375 955 416 nullo
987 380 1224 417 contusus
1256 381 1417 419 aratro.

366 443 436 488 Sic
466 443 766 488 Lachmannus
802 445 849 488 in
886 445 1025 500 prima
1063 445 1248 488 editione
1286 460 1454 489 versum
1491 445 1662 502 scripsit
1694 462 1746 490 ex

245 515 459 560 codicibus
479 515 520 558 D
551 519 597 559 et
617 515 652 558 L
683 517 913 572 eademque
945 521 1096 561 extant
1126 516 1169 558 in
1194 515 1231 559 G
1262 517 1325 560 ita
1356 521 1514 568 tamen,
1547 521 1597 560 ut
1630 520 1748 562 verbi

247 588 414 631 cacum
454 587 628 630 litterae
667 594 708 630 οἱ
748 589 791 630 iu
840 602 990 630 rasura
1028 587 1192 643 positae
1231 589 1331 632 sint.
1399 588 1509 639 Quid
1547 604 1572 631 a
1610 589 1749 644 prima

246 674 376 703 manu
422 660 646 702 exaratum
694 659 837 710 fuerit,
876 658 1026 714 dispici
1064 673 1148 701 non
1180 660 1266 702 iam
1312 663 1475 716 potest,
1522 661 1594 703 sed
1629 661 1674 703 in
1713 659 1749 703 O

246 731 410 788 legitur
441 733 656 774 conclusus
693 733 737 773 et
775 730 816 772 id
857 730 988 773 etiam
1029 730 1071 772 in
1111 730 1149 772 G
1186 732 1379 775 extitisse
1416 735 1518 775 ante
1556 747 1749 775 rasuram

247 803 487 858 ponendum
511 805 589 846 est.
636 802 826 852 Quarum
854 802 1162 857 scripturarum
1186 803 1368 845 alteram
1390 806 1604 847 conclusus
1624 804 1750 847 nihili

247 889 350 926 esse,
394 875 578 917 alteram
612 881 803 916 contrusus
839 874 1077 916 sententiae
1107 875 1212 917 satis
1244 875 1382 918 facere
1412 878 1606 931 apparet.
1669 874 1750 918 Sed

247 961 344 989 cum
384 949 597 988 conclusus
635 961 687 988 ex
719 953 910 988 contusus
947 946 1155 988 scribendi
1193 961 1335 989 errore
1365 950 1509 990 ortum
1545 962 1635 990 esse
1664 962 1748 990 non

249 1032 354 1060 sane
386 1018 606 1074 probabile
636 1018 706 1068 sit,
739 1017 986 1072 suspicionis
1017 1032 1164 1060 ansam
1186 1019 1283 1061 inde
1304 1033 1469 1062 sumere
1490 1019 1748 1072 debebimus,

251 1105 353 1132 num
387 1090 499 1132 forte
531 1095 721 1132 contusus
752 1105 779 1132 a
807 1092 1046 1132 correctore
1076 1090 1367 1146 excogitatum
1395 1092 1466 1144 sit,
1497 1106 1582 1147 quo
1603 1094 1751 1148 aperte

247 1163 499 1217 corruptum
542 1163 757 1204 conclusus
793 1162 1051 1204 emendaret.
1120 1161 1179 1204 Et
1226 1177 1306 1205 non
1346 1163 1436 1205 sine
1471 1164 1586 1207 iusta
1622 1178 1750 1207 causa

249 1247 326 1276 nos
355 1233 415 1276 sic
448 1248 575 1290 agere
605 1247 657 1276 ex
683 1233 823 1276 codice
844 1232 1048 1275 Thuaneo
1069 1233 1353 1290 intellegitur,
1384 1235 1420 1276 is
1442 1236 1620 1290 praebet
1640 1238 1749 1278 nullo

172 1297 178 1300 i
247 1302 462 1348 bonoolsus
493 1313 659 1355 aroer-03
693 1305 772 1347 hoc
803 1305 915 1346 enim
949 1307 1163 1348 convolsus
1193 1306 1247 1348 ab
1279 1307 1577 1362 antiquissimo
1607 1308 1747 1350 codice

246 1377 611 1428 commendatum,
649 1379 800 1432 poetae
840 1377 1012 1432 ingenio
1052 1377 1231 1434 dignum
1267 1392 1352 1420 non
1391 1379 1626 1433 poterimus
1664 1394 1747 1421 non

245 1450 476 1506 genuinum
509 1451 677 1505 putare.
729 1448 878 1504 Neque
909 1449 951 1491 id
983 1449 1045 1491 ita
1076 1452 1142 1492 est
1173 1452 1482 1506 comparatum,
1515 1454 1563 1493 ut
1592 1452 1746 1494 codicis

246 1519 284 1563 Ο
314 1520 527 1575 scriptura
559 1535 642 1563 non
674 1521 840 1563 librarii
870 1535 1013 1563 errore
1042 1536 1095 1564 ex
1126 1536 1175 1564 eo
1204 1524 1301 1564 orta
1331 1537 1421 1565 esse
1451 1523 1605 1578 possit;
1639 1539 1736 1566 nam

250 1591 499 1634 Baehrensii
521 1592 746 1643 rationem,
778 1607 863 1647 qua
883 1593 1215 1648 discrepantiam
1236 1593 1347 1636 hanc
1368 1595 1580 1650 explicare
1602 1597 1748 1638 studet

247 1664 308 1720 (p.
331 1662 446 1720 XX),
478 1666 528 1706 ut
557 1665 663 1707 satis
684 1664 857 1707 dubiam
879 1665 1097 1707 abicimus.
1148 1666 1369 1708 Conuolsus
1389 1669 1534 1709 autem
1556 1666 1749 1722 Hauptio

248 1739 446 1779 monente
475 1736 607 1779 etiam
639 1736 939 1780 Lachmannus
971 1736 1015 1780 iu
1046 1738 1186 1780 altera
1218 1738 1402 1781 editione
1433 1739 1578 1782 edidit.

364 1807 438 1863 5,8

459 1882 564 1923 Dein
595 1882 730 1923 mille
761 1882 909 1932 altera,
940 1881 1052 1923 dein
1083 1883 1264 1924 secunda
1286 1889 1460 1925 centum.

364 1951 416 1994 In
446 1951 481 1994 L
511 1953 567 1996 ab
598 1952 689 2007 ipso
720 1952 859 1995 scriba
890 1966 1035 1995 versus
1067 1967 1143 2008 per
1173 1968 1361 1997 errorem
1391 1954 1568 1998 omissus
1600 1958 1687 2009 est,
1720 1971 1747 1999 a

248 2026 487 2068 correctore
517 2039 617 2067 vero
647 2025 693 2066 in
725 2025 918 2081 margine
947 2025 1008 2067 sic
1037 2024 1299 2080 adscriptus:

461 2097 616 2138 Deinde
645 2098 751 2138 mille
783 2099 916 2139 altera
947 2098 1091 2139 deiude
1120 2099 1303 2140 secunda
1335 2106 1509 2151 centum,

247 2181 356 2223 quae
387 2167 601 2223 scriptura
633 2167 749 2210 facili
779 2182 908 2224 opera
939 2169 1002 2211 ita
1033 2169 1278 2225 corrigitur,
1314 2173 1365 2212 ut
1396 2185 1472 2225 pro
1504 2173 1650 2214 deinde
1681 2173 1747 2215 bis

246 2239 385 2282 forma
417 2239 711 2295 monosyllaba
742 2241 836 2282 dein
867 2243 1067 2296 ponatur,
1098 2240 1141 2283 id
1173 2241 1283 2296 quod
1308 2242 1393 2285 iam
1414 2243 1518 2286 Itali
1540 2244 1745 2287 fecerunt.

247 2310 380 2363 Idem,
421 2312 533 2367 quod
573 2312 712 2354 altera
753 2326 901 2355 manus
941 2312 1095 2355 codicis
1127 2312 1162 2354 L
1197 2314 1240 2355 in
1280 2315 1475 2371 margine
1505 2316 1746 2371 adscripsit,

250 2383 386 2426 habet
406 2382 457 2436 O,
490 2383 645 2426 habuit
666 2383 805 2438 prima
826 2398 975 2426 manus
996 2384 1097 2426 libri
1118 2383 1176 2435 G;
1203 2384 1276 2427 sed
1298 2385 1340 2427 in
1363 2386 1444 2429 hoc
1463 2402 1489 2430 a
1511 2390 1747 2431 correctore

251 2456 360 2496 mille
391 2457 606 2498 mutatum
639 2457 704 2498 est
735 2455 780 2497 in
811 2458 881 2507 mi,
911 2456 1096 2498 alterum
1128 2459 1273 2500 deinde
1302 2458 1347 2500 in
1379 2460 1455 2501 da:

461 2528 616 2570 Deinde
646 2529 701 2569 mi
733 2529 866 2570 altera
897 2530 954 2570 da
983 2530 1166 2572 secunda
1198 2537 1367 2573 centum.

247 2597 354 2641 Cum
406 2600 644 2642 correctore
698 2599 798 2642 libri
851 2598 889 2642 G
940 2601 1153 2643 consentit
1203 2615 1299 2643 cum
1351 2600 1505 2659 vulgus
1556 2602 1744 2646 codicum

246 2671 340 2712 tum
373 2668 426 2721 D,
459 2669 540 2712 nisi
573 2669 684 2724 quod
718 2669 787 2712 hic
818 2686 896 2726 pro
931 2675 999 2723 mi,
1031 2672 1164 2715 habet
1195 2688 1269 2715 me.
1318 2672 1468 2729 Magni
1500 2676 1642 2716 autem
1677 2674 1746 2716 hic

246 2740 364 2784 locus
402 2744 469 2783 est
507 2742 731 2794 momenti,
773 2743 883 2797 quod
917 2742 953 2785 O
991 2746 1036 2786 et
1067 2745 1205 2799 prima
1238 2759 1389 2787 manus
1418 2746 1571 2788 codicis
1603 2745 1638 2788 G
1671 2761 1747 2802 ge·

247 2813 425 2856 uuinum
462 2813 603 2868 ipsum
644 2813 725 2855 levi
766 2816 936 2856 tautum
971 2830 1112 2858 errore
1143 2816 1346 2858 infectum
1381 2818 1609 2871 praebent,
1650 2832 1744 2859 cum

1487 2875 1530 2910 2⁸
