1950 3256
898 189 954 232 16

296 309 523 353 Praeterea
557 311 699 351 autem
723 308 803 351 hac
836 308 1153 363 comparatione
1185 307 1376 350 codicum
1408 306 1446 350 G
1478 310 1522 350 et
1545 307 1580 350 B
1613 306 1676 350 ef-

175 384 335 427 fectum
367 384 446 433 est,
478 383 527 424 ut
559 381 608 423 de
641 380 781 436 pretio
814 379 1138 434 scripturarum,
1171 394 1283 436 quae
1314 379 1502 436 duplices
1534 380 1578 422 in
1599 380 1676 422 illo

175 457 345 508 extant,
386 453 543 496 rectius
581 453 767 496 iudicare
807 451 1028 508 possimus.
1094 451 1323 509 Permagni
1361 453 1475 495 enim
1513 452 1566 495 ob
1599 451 1676 494 bas

175 527 362 582 duplices
385 524 619 580 scripturas
642 522 859 566 aestimari
881 524 990 566 solet
1012 523 1143 566 codex
1165 523 1214 575 G,
1239 538 1334 566 cum
1356 522 1455 567 hinc
1478 526 1678 567 naturam

176 598 401 654 archetypi
450 596 592 639 animo
641 595 804 652 fingere
850 609 972 651 posse
1021 594 1251 639 videamur.
1324 595 1381 638 Et
1421 595 1511 638 sine
1550 593 1677 638 dubio

175 670 305 714 codex
328 668 364 711 G
399 668 583 724 reliquos
615 667 747 710 libros
779 682 922 710 omnes
945 667 1025 710 hac
1048 681 1092 709 re
1115 670 1302 723 superat,
1334 668 1445 723 quod
1467 667 1678 724 plurimae

177 742 364 797 duplices
396 740 633 795 scripturae
665 754 716 782 ex
748 739 982 795 archetypo
1006 738 1044 781 V
1066 739 1110 781 in
1133 754 1229 782 eum
1250 742 1550 795 pervenerunt.
1598 736 1679 781 Sed

177 814 284 856 illud
317 813 546 855 tenendum
580 814 645 854 est
678 812 871 854 extitisse
902 811 945 853 in
979 811 1090 854 libro
1111 810 1152 854 V
1184 812 1313 854 etiam
1336 811 1524 867 duplices
1547 810 1680 865 scrip-

178 889 317 936 turas,
363 899 471 939 quae
511 884 554 926 in
595 883 735 926 codice
768 882 804 925 G
848 898 931 925 non
964 886 1137 936 extant,
1186 884 1227 926 id
1259 883 1370 939 quod
1401 884 1460 926 eis
1492 897 1600 938 quae
1631 882 1681 924 de

181 958 291 999 libro
327 956 359 998 Β
396 956 655 1012 protulimus
695 956 1036 998 demonstratum
1076 960 1152 999 est.
1224 955 1336 998 Illud
1376 957 1599 1011 praeterea
1637 955 1682 996 in

182 1029 308 1072 dubio
342 1028 663 1082 relinquendum
697 1031 774 1080 est,
808 1044 910 1070 num
933 1043 1078 1070 omnes
1101 1029 1289 1083 duplices
1312 1028 1550 1083 scripturae
1582 1026 1682 1069 libri

179 1100 217 1143 G
251 1102 294 1143 in
329 1101 419 1155 ipso
451 1098 492 1141 V
529 1102 731 1143 exaratae
763 1100 938 1144 suerint.
1003 1099 1170 1142 Extant
1203 1101 1315 1143 enim
1349 1114 1495 1142 earum
1527 1099 1572 1141 in
1605 1112 1684 1139 nu-

181 1187 296 1215 mero
329 1172 441 1214 haud
464 1185 639 1226 paucae,
672 1185 781 1226 quae
803 1171 899 1214 inde
921 1172 1119 1215 videntur
1142 1175 1261 1215 ortae
1283 1186 1384 1222 esse,
1416 1170 1528 1227 quod
1550 1170 1684 1212 libra-

185 1246 286 1296 rius,
320 1259 413 1287 cum
447 1243 609 1285 duobus
642 1244 775 1286 modis
809 1243 1034 1299 archetypi
1065 1244 1278 1299 scriptura
1311 1244 1397 1301 legi
1429 1246 1585 1298 posset,
1616 1243 1684 1284 in-

184 1320 326 1360 certus
348 1321 491 1358 utrum
516 1315 755 1367 adhiberet,
777 1318 1007 1371 utrumque
1029 1316 1172 1371 posuit
1191 1316 1338 1371 ltaque
1360 1316 1450 1371 ipse
1472 1314 1683 1370 duplicem

182 1388 423 1445 procreavit
462 1387 740 1441 scripturam3
781 1387 823 1429 id
862 1387 973 1442 quod
1011 1391 1124 1431 recte
1157 1387 1238 1430 viri
1269 1387 1382 1431 docti
1414 1388 1684 1430 monuerunt.

185 1460 324 1503 Huius
366 1459 534 1516 generis
574 1459 772 1501 videntur
810 1474 898 1501 esse
937 1460 1005 1512 7‚6
1045 1462 1153 1502 beati
1186 1463 1228 1503 al
1260 1463 1375 1503 beari
1407 1458 1538 1510 23‚19
1572 1459 1686 1499 culus

184 1534 227 1574 al
273 1533 386 1572 cuius
433 1531 536 1583 25‚5
585 1534 688 1574 alios
732 1534 775 1573 al
806 1547 903 1574 aves
942 1535 985 1574 al
1024 1536 1134 1576 aries
1167 1533 1328 1584 64‚288
1366 1547 1446 1575 non
1486 1545 1614 1573 acuos
1645 1531 1689 1572 al

183 1605 419 1654 nonacrias,
453 1603 551 1646 alia.
614 1602 731 1646 Haec
769 1607 913 1646 autem
946 1619 1029 1647 non
1061 1606 1249 1656 obstant,
1282 1604 1508 1660 quominus
1540 1613 1688 1646 conce-

184 1676 332 1718 damus
372 1676 564 1719 extitisse
611 1675 656 1718 in
688 1674 729 1718 V
769 1679 836 1720 sat
875 1678 1035 1720 multas
1072 1677 1259 1732 duplices
1291 1677 1524 1731 scripturas
1558 1676 1687 1729 atque

185 1749 368 1791 codicem
400 1746 436 1789 G
469 1749 676 1804 optimam
709 1748 862 1791 harum
886 1750 1195 1806 scripturarum
1219 1749 1449 1806 imaginem
1470 1747 1688 1803 praebere.

307 1819 539 1875 Postquam
578 1820 636 1863 sic
675 1820 724 1862 de
758 1822 1091 1866 correctionibus
1123 1826 1166 1864 et
1198 1821 1420 1878 scripturis
1452 1819 1690 1875 duplicibus

188 1893 231 1935 in
264 1892 508 1934 universum
541 1891 870 1946 disputavimus,
911 1897 1060 1946 restat,
1094 1897 1143 1936 ut
1175 1893 1417 1951 singulos
1449 1892 1589 1935 locos
1623 1907 1687 1934 re·-

186 1979 453 2014 censeamus,
494 1962 647 2018 quibus
687 1979 738 2007 ex
777 1966 836 2008 eis
867 1966 1029 2023 aliquid
1063 1966 1226 2009 fructus
1259 1965 1311 2009 ad
1344 1964 1690 2008 constituendum

188 2039 359 2079 textum
390 2034 616 2079 redundat.

312 2107 454 2163 Atque
484 2107 534 2148 de
555 2108 735 2164 singulis
758 2110 1089 2153 correctionibus
1111 2126 1195 2154 non
1217 2110 1301 2152 iam
1326 2108 1464 2151 multa
1487 2107 1691 2152 monenda

190 2183 314 2232 sunt3
368 2195 466 2222 nam
513 2180 753 2236 ubicunque
786 2186 998 2226 corrector
1030 2184 1266 2240 genuinum
1310 2182 1354 2224 in
1401 2179 1438 2223 G
1486 2180 1692 2232 restituit,

188 2267 354 2308 semper
387 2252 470 2294 iam
506 2250 769 2296 Lachmanni
803 2254 903 2297 libri
935 2270 1082 2298 verum
1113 2255 1330 2298 exhibent.
1390 2252 1472 2296 Sed
1503 2253 1554 2295 de
1586 2267 1693 2294 non-

191 2322 320 2364 nullis
354 2337 500 2365 eorum
533 2339 750 2378 versuum,
791 2328 834 2369 in
868 2343 972 2384 quos
1004 2331 1217 2372 corrector
1249 2327 1403 2370 falsam
1435 2325 1692 2380 scripturam

190 2393 355 2446 intulit,
388 2394 509 2436 nobis
544 2396 834 2441 disserendum
866 2404 958 2452 est,
984 2401 1138 2456 quibus
1170 2415 1265 2444 cum
1298 2396 1563 2443 Lachmanni
1594 2395 1695 2438 libri

192 2467 367 2509 eandem
409 2466 528 2508 illam
562 2468 714 2511 falsam
748 2473 1007 2527 scripturam
1038 2475 1286 2529 praebeant,
1327 2471 1508 2527 primam
1540 2467 1694 2512 codicis

193 2538 229 2581 G
261 2553 435 2581 manum
468 2542 543 2581 aut
578 2555 720 2585 verum
753 2543 890 2599 ipsum
925 2549 1001 2588 aut
1032 2546 1216 2603 aliquid,
1257 2544 1368 2600 quod
1408 2559 1434 2586 a
1475 2556 1571 2585 vero
1611 2554 1696 2583 non

191 2611 340 2667 procul
392 2611 532 2664 abest,
586 2612 784 2658 habuisse
837 2618 924 2660 sive
969 2619 1166 2675 cognosci
1217 2617 1305 2660 sive
1350 2614 1495 2672 colligi
1539 2615 1696 2669 potest.

196 2685 336 2739 Atque
385 2682 522 2726 tribus
571 2683 723 2730 horum
761 2688 948 2731 locorum
990 2694 1202 2732 corrector
1247 2688 1504 2744 scripturam
1542 2685 1696 2727 falsam

194 2775 309 2803 mero
342 2755 503 2800 scribae
535 2771 677 2801 errore
709 2763 862 2814 ortam,
896 2763 1083 2817 quinque
1116 2761 1327 2803 infelicem
1360 2757 1697 2802 emendationem

194 2832 238 2874 in
271 2833 428 2877 librum
460 2835 498 2878 G
529 2832 699 2877 intulit:

1917 3190 1950 3256 ,Μ
