1950 3256
979 242 1038 285 45

258 363 403 406 tantos
454 362 648 421 voculam
694 364 785 414 illa,
838 377 948 417 quae.
994 377 1250 418 quamquam
1300 362 1539 417 suspicione
1586 363 1760 406 carebat

258 430 518 479 Baehrensio
564 434 768 476 mutanda
815 436 922 476 erat.
1003 435 1179 476 Proram
1225 437 1369 476 autem
1416 434 1666 490 putabimus
1705 436 1760 479 ab

258 494 403 548 eodem
442 507 699 559 correctore,
740 521 865 561 quem
906 507 990 548 iam
1030 505 1198 562 saepius
1237 505 1280 547 in
1313 504 1350 548 Ο
1388 505 1759 561 deprehendimus»,

258 576 455 620 effectum
493 591 582 620 esse
619 592 670 620 ex
708 579 910 632 corrupto
953 580 1150 632 primurm
1198 577 1486 620 nominativus
1519 580 1762 633 Amphitrite

256 646 446 692 dubitari
476 652 618 704 potest
650 653 793 692 utrum
826 649 882 691 ab
913 649 1056 691 eodem
1089 649 1306 704 profectus
1339 664 1396 691 an
1427 648 1512 691 iam
1542 653 1644 693 ante
1665 665 1761 694 eum

256 721 419 763 scribae
457 719 737 763 describentis
775 735 919 763 errore
954 720 1111 764 lineola
1148 735 1275 776 super
1311 736 1333 763 e
1364 721 1518 764 omissa
1551 736 1604 764 ex
1636 738 1762 766 aecu-

258 791 398 835 sativo
429 793 697 846 Amphitriten
729 795 848 835 ortus
880 793 950 834 sit.

380 863 513 915 64,15

377 934 504 978 Hune
535 949 703 978 versum
735 934 795 977 sic
826 951 852 978 a
884 935 1056 978 Catullo
1086 935 1316 990 scriptum:

470 1009 709 1062 Aequoreae
739 1015 960 1050 monstrum
994 1009 1189 1049 Nereides
1221 1009 1474 1051 admirantes

255 1078 419 1121 codices
450 1082 623 1135 praeter
660 1077 697 1121 Ο
730 1082 844 1122 recte
874 1080 1101 1130 exhibent3
1139 1081 1289 1122 contra
1320 1078 1357 1122 Ο
1394 1080 1527 1124 habet
1557 1082 1602 1124 in
1634 1098 1759 1127 versu

470 1152 639 1205 Equore
670 1157 892 1194 monstrum
925 1153 1119 1193 Nereides
1149 1152 1403 1195 admirantes

255 1223 300 1264 et
338 1221 383 1264 in
422 1222 616 1279 margine
654 1222 918 1278 adscriptum
961 1227 1026 1265 est
1064 1225 1108 1265 al
1135 1230 1419 1267 monstrorum.
1485 1227 1758 1270 Monstrat-um

253 1293 559 1349 interpolatori
597 1294 873 1336 tribuendum
905 1297 987 1346 est,
1027 1310 1142 1346 eum,
1181 1310 1439 1351 quamquam
1471 1297 1600 1339 verba
1631 1311 1758 1341 sensu

254 1369 420 1417 earent,
455 1368 599 1408 tamen
633 1366 828 1408 mutandi
849 1367 1076 1410 consilium
1097 1381 1149 1409 ex
1170 1368 1357 1410 numeris
1378 1382 1523 1411 versus
1544 1369 1758 1413 restitutis

254 1439 559 1494 eognoscatur3
607 1438 657 1480 de
702 1438 821 1480 cuius
860 1440 1027 1494 generis
1066 1439 1470 1495 interpolationibus
1509 1439 1676 1495 egimus
1715 1440 1761 1484 in

253 1509 396 1565 priore
444 1512 568 1564 parte
598 1510 652 1552 ad
685 1509 799 1561 73,3.
826 1510 867 1554 4.
898 1510 952 1554 ef.
984 1526 1027 1567 p.
1059 1510 1101 1554 5.
1152 1510 1234 1553 Sed
1270 1511 1461 1554 dubitari
1498 1514 1660 1567 potest,
1704 1527 1760 1556 an

255 1589 525 1624 monstrorum
557 1582 613 1624 ab
644 1581 789 1624 eodem
820 1586 1056 1626 correctore
1076 1582 1317 1638 profectum
1339 1584 1409 1635 sit,
1441 1598 1570 1639 quem
1594 1585 1760 1636 61‚106

257 1655 369 1696 lenta
398 1654 473 1695 sed
502 1655 546 1695 et
578 1653 741 1704 64‚139
773 1656 927 1697 blanda
960 1654 1267 1712 excogitavisse
1298 1655 1494 1699 vidimus.

375 1724 579 1767 Dubitari
610 1728 766 1781 potest,
798 1742 902 1769 num
933 1726 1017 1769 hue
1047 1727 1266 1783 pertineat
1298 1727 1428 1770 etiam
1459 1727 1585 1780 57‚7:

475 1798 562 1839 Uno
591 1799 634 1839 in
666 1799 837 1841 lectulo
870 1800 1061 1840 erudituli
1091 1800 1224 1841 ambo.

255 1865 326 1910 Sic
362 1866 629 1910 Lachmanni
668 1869 829 1913 codices
869 1874 914 1913 et
952 1869 990 1912 G
1027 1885 1195 1913 versum
1238 1870 1456 1915 exhibent.
1524 1871 1590 1913 De
1621 1871 1761 1924 hiatu,

255 1940 330 1995 qui
362 1939 572 1981 neminem
604 1942 716 1983 male
747 1942 905 1986 habere
936 1942 1077 1993 debet,
1111 1940 1305 1984 conferas
1336 1942 1384 1984 L.
1417 1941 1613 1987 Mueller.
1643 1945 1694 1987 de
1725 1960 1760 1989 r.

255 2026 310 2055 m.
331 2027 376 2067 p.
397 2011 483 2054 307
516 2026 597 2067 sq.;
630 2014 743 2068 apud
765 2013 990 2058 Catullum
1025 2013 1107 2055 duo
1138 2015 1362 2068 praeterea
1382 2014 1566 2058 eiusdem
1593 2017 1762 2072 generis

256 2086 426 2135 extant,
459 2084 586 2137 97‚1:

474 2158 566 2199 Non
596 2159 657 2199 ita
678 2172 741 2199 me
772 2159 818 2199 «a
853 2166 1001 2210 ament,
1034 2161 1252 2213 quicquam
1281 2160 1441 2212 referre
1468 2163 1614 2213 putavi

259 2231 304 2270 et
334 2226 461 2279 55,4:

471 2301 526 2342 Te
555 2303 598 2343 in
630 2303 754 2352 circo,
786 2302 827 2343 te‘
854 2304 897 2343 in
928 2303 1113 2343 omnibus
1143 2303 1297 2344 libellis.

256 2371 316 2414 Et
346 2373 518 2427 poterat
548 2371 592 2413 id
623 2372 735 2427 quod
767 2371 804 2415 Ο
835 2371 966 2414 habet

480 2445 568 2487 Uno
599 2447 640 2486 in
673 2446 890 2486 lecticulo
922 2446 1113 2486 erudituli
1145 2446 1264 2487 ambo

257 2513 359 2556 inde
389 2514 507 2567 oriri,
539 2517 651 2571 quod
683 2518 897 2559 corrector
927 2516 1096 2558 hiatum
1128 2517 1426 2560 removendum
1459 2531 1548 2560 esse
1574 2522 1761 2574 putaret.

258 2583 355 2627 Non
392 2589 457 2628 est
488 2587 636 2645 igitur,
669 2603 744 2631 cur
776 2590 919 2630 lectulo
950 2591 1199 2644 corruptum
1230 2603 1319 2631 esse
1349 2589 1551 2632 dicamus.
1615 2589 1764 2646 Neque

174 2710 177 2712 ⁴
259 2672 363 2700 vero
403 2672 497 2702 eam
535 2659 791 2715 scripturam
832 2675 976 2703 veram
1012 2675 1102 2703 esse
1133 2664 1297 2704 certum
1329 2665 1407 2706 est.
1469 2660 1580 2704 Nam
1611 2677 1765 2718 quam-

254 2743 386 2785 quam
420 2745 575 2774 nomen
603 2734 810 2774 lecticulus
832 2746 1040 2788 nusquam
1063 2733 1168 2776 alibi
1190 2734 1389 2785 occurrit,
1422 2737 1566 2776 tamen
1588 2734 1764 2777 dubium

257 2816 343 2844 non
376 2805 455 2855 est,
496 2803 601 2859 quin
633 2804 860 2846 secundum
893 2805 1063 2861 regulas
1093 2806 1298 2849 sermonis
1330 2804 1474 2848 Latini
1505 2805 1548 2847 id
1579 2806 1765 2848 formare

255 2874 446 2926 licuerit;
478 2879 522 2918 et
552 2879 704 2919 notum
736 2878 800 2918 est
833 2876 1051 2919 Catullum
1085 2877 1302 2921 adamasse
1334 2879 1540 2921 voeabula
1571 2878 1765 2921 deminu-
