1950 3256
1019 196 1078 241 29

299 319 424 361 textu
455 317 607 361 codicis
629 316 670 358 V
691 318 832 361 omissi
862 318 906 360 in
938 317 1131 374 margine
1162 313 1365 370 adscripti
1386 313 1562 364 fuerint,
1593 317 1644 357 ut
1671 314 1796 358 facile

0 438 11 453 ,.
299 389 475 434 ab-alio
500 389 677 434 libr-'ario
708 390 1034 446 respicerentur,
1066 387 1400 445 neglegerentur
1430 386 1486 429 ab
1517 386 1627 431 aliis,

0 457 26 520 ᾗ
417 461 511 505 Iam
548 462 602 504 ad
639 477 710 505 eos
746 461 1044 518 progredimur
1079 460 1213 509 locos,
1252 458 1406 514 quibus
1437 457 1495 510 Ο,
1534 473 1793 514 quamquam

0 522 7 536 ⁵
299 548 382 578 non
405 548 550 577 verum
571 533 711 590 ipsum
732 535 925 590 praebet,
946 536 1091 576 tamen
1112 530 1279 573 fidelius
1295 529 1520 586 archetypi
1534 531 1797 586 scripturam

298 608 545 662 corruptam
582 605 768 650 reddidit
805 610 850 649 et
887 605 1063 662 propius
1094 619 1120 646 a
1150 616 1251 645 vero
1280 601 1403 644 abest
1432 616 1561 657 quam
1593 601 1632 643 D
1664 605 1709 645 et
1739 601 1796 645 L:

420 678 552 731 63‚46

515 752 769 805 Liquidaque
799 756 929 792 mente
960 750 1060 791 vidit
1091 750 1177 789 siue
1210 748 1352 801 queis
1382 748 1531 802 ubique
1560 748 1670 800 foret

582 825 746 877 sineque
776 823 839 864 his
870 819 986 862 DLG
1168 821 1335 873 sineque
1364 821 1400 860 is
1431 817 1468 860 Ο

419 893 582 947 64,138

514 968 658 1008 Inmite
688 970 732 1005 ut
763 966 893 1006 nostri
922 964 1038 1004 vellet
1070 964 1331 1004 miserescere
1360 968 1502 1016 pectus

584 1039 792 1080 mitescere
822 1034 939 1078 DLG
1169 1037 1384 1077 mir-escere
1416 1032 1452 1075 Ο

420 1110 552 1162 67,42

512 1183 654 1224 Solam
684 1195 775 1221 cum
807 1180 1003 1221 aucillis
1033 1180 1136 1220 haec
1164 1192 1243 1220 sua
1272 1179 1435 1232 flaqitia

584 1253 764 1295 conciliis
796 1249 875 1292 DG
1276 1289 1284 1296 ,
1321 1289 1329 1296 ,

492 1351 498 1355 -
583 1340 675 1367 cum
698 1325 881 1366 conciliis
902 1322 937 1364 L
1167 1287 1350 1328 emmam
1384 1284 1421 1327 Ο

423 1398 550 1448 76,11

514 1471 622 1520 Quin
658 1475 703 1510 tu
743 1469 879 1508 auimo
911 1468 1099 1520 offirmas
1133 1472 1255 1521 atque
1300 1469 1419 1508 istinc
1466 1473 1583 1521 teque
1635 1468 1799 1510 reducis

584 1541 658 1592 (cf.
691 1554 734 1595 p.
768 1539 813 1595 6)

584 1615 831 1666 instintuque
861 1610 901 1652 D

583 1687 773 1727 instincto
805 1683 840 1725 L
1179 1684 1444 1736 instincteque
1475 1678 1512 1722 Ο

584 1759 855 1811 instinctuque
885 1754 923 1796 G

421 1829 555 1883 ‘1‘1‚10
585 1827 748 1884 (7824)

515 1903 691 1945 Noscent
721 1906 759 1943 et
789 1901 859 1955 qui
888 1901 946 1942 εἰς
974 1899 1092 1952 fama
1123 1899 1328 1953 loquetur
1358 1911 1471 1941 anus

584 1975 843 2028 famulosque
874 1978 990 2014 tenus
1021 1969 1062 2012 D

586 2047 821 2100 famuloque
851 2050 968 2086 tenus
997 2041 1033 2084 L
1183 2043 1420 2097 [amictoque
1450 2047 1572 2084 tanus
1603 2040 1640 2084 O

584 2119 821 2172 famuloque
852 2130 982 2158 cauus
1011 2112 1099 2170 G*)

420 2190 634 2241 Quattuor
681 2188 785 2231 locis
829 2187 904 2243 qui
946 2186 1032 2229 huc
1078 2185 1298 2241 pertinent
1333 2184 1609 2228 Lachmanno
1647 2184 1795 2228 eadem

299 2277 430 2319 quam
461 2261 499 2305 Ο
537 2261 712 2304 exhibet
750 2259 966 2315 scriptura
1005 2258 1075 2300 vel
1111 2257 1263 2300 similis
1300 2271 1353 2299 ex
1390 2256 1680 2300 Laurentiano
1720 2259 1798 2300 aut

300 2333 494 2378 Parisino
524 2336 601 2376 aut
629 2332 732 2375 libri
755 2331 789 2373 L
819 2345 950 2374 manu
979 2330 1162 2373 secunda
1192 2331 1364 2385 praesto
1394 2331 1510 2372 erat:

418 2404 551 2457 28‚12

516 2477 647 2519 Casu.-
678 2490 775 2518 uam
804 2476 928 2518 nihilo
959 2476 1114 2517 minore
1143 2487 1276 2528 verpa

395 2609 430 2652 *)
454 2606 598 2643 Iniuria
622 2607 695 2643 huc
716 2606 934 2643 referuntur
950 2605 1173 2652 scripturae,
1198 2604 1331 2650 quales
1348 2603 1379 2640 Ο
1398 2604 1559 2651 praebet
1577 2602 1660 2645 64,4
1673 2603 1793 2648 pupis

300 2679 372 2716 pro
396 2679 486 2704 vero
506 2668 622 2712 pubis
650 2668 755 2708 (cett.
782 2666 888 2702 codd.
901 2666 1060 2712 puppis)
1085 2665 1126 2701 et
1149 2665 1231 2708 36,1
1258 2665 1392 2701 anuale
1415 2675 1484 2710 pro
1510 2664 1664 2699 annales
1689 2663 1795 2706 (cett.

300 2728 409 2765 codd.
448 2728 637 2771 annuale).
698 2726 810 2763 Talia
846 2726 948 2762 enim
984 2725 1031 2761 ob
1066 2724 1252 2761 rationem
1291 2723 1642 2770 orthographiam,
1681 2734 1795 2768 qnam

300 2787 442 2824 codicis
484 2786 514 2822 Ο
555 2785 733 2823 librarius
772 2786 993 2829 adhibebat,
1034 2784 1130 2821 nihil
1171 2785 1245 2821 hac
1286 2784 1326 2820 in
1367 2795 1409 2820 re
1450 2783 1577 2820 valere
1620 2782 1795 2828 possunt;

300 2847 350 2883 cf.
374 2847 464 2889 645
480 2845 560 2883 172.
