1950 3256
885 144 944 186 30

449 303 576 344 verba
609 298 724 343 Dte
1014 276 1143 316 ''erp‘'
1174 261 1260 305 ΙΝ

1016 348 1124 389 nrpa
1160 333 1196 376 Ο

286 411 385 462 66,5

382 483 430 524 Ut
465 482 644 524 Triviam
674 480 817 533 furtim
847 480 922 520 sub
955 479 1151 520 Latmia
1182 490 1293 519 saxa
1324 478 1513 531 releqans

451 590 640 632 sublimia
672 585 787 628 DLG
1025 550 1098 591 sub
1132 551 1258 591 lamia
1288 547 1384 592 Pal·-

1027 623 1259 663 sublamina
1291 619 1327 663 O

287 698 419 751 34‚12

381 771 669 822 Amniumque
700 772 918 809 sonantum

453 843 627 884 omnium
659 837 775 881 DLG
1024 839 1278 890 omniumque
1311 834 1413 877 L²O

289 926 417 979 107‚7

386 1000 487 1050 Quis
518 1011 580 1038 me
611 1009 692 1037 uno
723 996 820 1036 vivit
852 996 1025 1048 felicior,
1062 1000 1132 1035 aut
1164 995 1296 1047 maqis
1327 994 1419 1034 hac
1450 1007 1532 1034 res

461 1070 678 1123 optandas
709 1070 795 1110 vita
828 1069 964 1109 dicere
997 1069 1087 1122 quis
1117 1067 1298 1120 poterit?

293 1143 361 1186 Sic
384 1141 686 1185 Lachmannus
719 1153 863 1182 versus
893 1138 1103 1188 restituit3
1136 1138 1179 1179 in
1203 1137 1339 1180 altero
1362 1150 1486 1179 versu
1508 1135 1673 1178 codices

1465 1208 1516 1232 hac

167 1266 318 1294 omnes
351 1251 557 1305 optandus
589 1249 763 1299 habent,
797 1247 840 1289 in
875 1248 958 1289 fine
989 1245 1144 1301 prioris
1177 1260 1238 1286 me
1270 1251 1328 1286 est
1352 1242 1429 1285 DG
1462 1259 1524 1286 me
1555 1250 1613 1286 est
1641 1243 1674 1285 L

168 1326 248 1366 hac
283 1329 341 1365 est
376 1320 531 1365 Paro,

290 1394 569 1451 Cognoscitur
611 1395 835 1448 praeterea
883 1391 1053 1434 bonitas
1099 1389 1306 1445 quaedam
1346 1387 1498 1431 codicis
1540 1385 1576 1429 O
1629 1387 1673 1429 in

167 1467 426 1524 compendiis
466 1465 682 1508 nonnullis
722 1464 946 1520 archetypi
993 1465 1190 1505 accurate
1230 1460 1424 1510 redditis,
1472 1475 1583 1515 quae
1629 1460 1674 1502 in

169 1540 320 1583 ceteris
353 1538 474 1581 libris
508 1538 618 1580 male
651 1538 817 1580 librarii
851 1534 1128 1591 interpretati
1161 1535 1283 1575 sunt:

293 1622 392 1674 14‚5

390 1695 473 1737 Cur
504 1710 566 1738 me
597 1702 654 1738 tol
687 1697 815 1737 male
845 1695 1041 1749 perderes
1071 1693 1203 1746 poetis

292 1766 462 1810 Codices
493 1770 666 1823 praeter
698 1766 733 1809 Ο
766 1766 972 1809 exhibent
1004 1767 1140 1818 malis,
1173 1763 1215 1804 in
1251 1761 1286 1804 Ο
1319 1764 1441 1804 extat
1473 1776 1673 1817 compen-

170 1841 288 1883 dium
326 1839 438 1891 mal',
472 1839 581 1894 quod
616 1842 660 1881 et
690 1855 768 1895 pro
800 1839 906 1880 male
937 1839 981 1878 et
1012 1851 1090 1892 pro
1122 1838 1240 1878 malis
1271 1834 1461 1889 ponitur.

292 1925 392 1977 28‚9

390 1998 424 2039 0
458 1996 630 2045 Memmi,
665 1995 764 2036 bene
794 2009 856 2035 me
890 2008 941 2035 ac
972 1995 1042 2034 diu
1072 1995 1261 2047 supinum

292 2069 328 2112 Ο
344 2070 477 2112 habet
493 2069 583 2111 ome?
596 2069 664 2117 mi,
689 2066 818 2108 ceteri
840 2080 892 2108 ex
909 2065 1254 2120 compendiorum
1278 2062 1595 2120 permutatione
1612 2061 1678 2118 (ἦ

172 2145 215 2185 et
248 2142 316 2198 55)
348 2141 557 2197 praebent
590 2154 745 2182 omnem
776 2141 850 2189 mi3
883 2140 926 2179 et
954 2138 998 2180 in
1022 2138 1135 2179 hune
1157 2150 1342 2179 errorem
1365 2150 1489 2191 saepe
1511 2133 1677 2177 librarii

172 2214 430 2260 inciderunt:
481 2212 604 2265 90‚6‚
653 2211 724 2254 ubi
765 2211 809 2252 in
849 2209 970 2252 libris
1017 2210 1132 2252 haud
1171 2209 1316 2264 paucis
1355 2223 1433 2264 pro
1478 2214 1676 2250 omentum

173 2289 294 2329 extat
327 2301 443 2328 omne
475 2293 578 2336 tum3
612 2284 715 2336 45,4
748 2282 850 2325 libri
881 2285 1053 2337 praeter
1076 2281 1112 2323 O
1146 2281 1351 2324 exhibent
1383 2295 1532 2331 onmes,
1565 2277 1676 2334 quod

173 2358 216 2399 in
251 2358 287 2400 O
319 2360 565 2413 corruptum
600 2360 666 2399 est
697 2357 740 2398 in
774 2370 922 2398 omens.

294 2430 456 2481 61,194
489 2429 615 2486 (187)

388 2504 494 2544 Alba
523 2504 763 2556 parthenice
794 2516 818 2542 v
828 2515 849 2542 e
859 2502 932 2542 lut

459 2577 570 2616 vultu
602 2574 679 2616 DL

459 2649 572 2688 vultu
606 2649 648 2688 al
677 2648 760 2688 vult
793 2644 829 2686 G

294 2717 410 2760 Idem
427 2717 719 2773 compendium
738 2717 850 2759 vocis
868 2717 972 2757 velut
991 2714 1032 2756 in
1052 2712 1088 2756 O
1101 2716 1212 2756 reete
1230 2713 1438 2767 seriptum
1455 2713 1678 2766 praeterea

175 2805 262 2832 uno
296 2791 388 2831 loeo
419 2790 602 2831 occurrit
627 2789 773 2838 63‚1.4‚
806 2802 937 2842 prave
959 2786 1002 2828 in
1026 2788 1109 2827 vult
1132 2786 1416 2828 deformatum
1441 2785 1508 2824 ter
1530 2781 1674 2828 6121.

961 2608 1023 2649 υΐὶ
1062 2605 1098 2649 Ο
