1950 3256
918 151 974 193 44

193 270 357 313 fautrix
405 270 489 312 fuit
542 273 585 313 et
635 271 756 314 valde
803 270 952 312 dubito
1001 285 1056 313 an
1103 270 1383 325 probabiliter
1423 271 1524 326 poni
1564 270 1700 326 possit

194 342 414 385 Catullum
453 357 503 384 ex
544 358 618 385 suo
652 342 825 398 ingenio
858 341 1155 397 Amphitriten
1192 342 1443 385 adiutricem
1476 342 1697 386 addidisse.

193 414 326 457 Poeta
360 415 472 455 enim
501 415 590 469 ipse
613 413 817 456 Nereides
841 428 992 456 navem
1015 413 1368 470 Argonautarum
1391 417 1439 456 ut
1460 415 1698 456 monstruni

127 482 131 486 ⁴
194 485 436 529 inauditum
475 486 737 528 admirantes
776 485 890 527 infra
939 485 982 527 in
1031 500 1069 529 v,
1115 485 1168 527 15
1217 485 1398 537 inducit3
1435 484 1700 540 Amphitrite

194 560 338 600 autem
380 558 471 612 ipsa
511 559 576 599 est
618 572 702 599 una
735 556 980 599 Nereidum.
1045 556 1187 612 Atque
1219 558 1255 599 si
1287 557 1366 600 hoc
1399 557 1543 612 aliquo
1575 556 1698 599 modo

193 629 291 671 inde
324 630 515 672 excusari
546 629 694 684 possit,
730 630 842 684 quod
875 628 1169 683 Amphitriten
1207 645 1382 672 uxorem
1416 629 1561 684 magni
1583 627 1700 684 Nep-

195 701 289 743 tuni
320 703 448 757 poeta
480 718 505 743 a
537 702 689 744 ceteris
713 700 966 744 Nereidibus
999 701 1233 744 seiunctam
1269 716 1356 744 esse
1389 702 1530 758 fingit,
1567 702 1701 743 restat

196 774 324 817 aliud.
387 774 534 822 Qualis
569 773 739 816 tandem
777 789 825 815 ea
858 788 991 828 opera.
1019 774 1106 824 est,
1149 788 1232 827 qua
1266 773 1530 828 Amphitrite
1563 772 1701 829 Argo-

194 849 348 888 nautas
386 846 594 888 adiuvat?
656 844 821 888 Navem
853 860 999 887 eorum
1030 859 1200 887 currere
1236 845 1370 887 docet.
1433 845 1526 895 Qua
1556 846 1701 887 autem

195 933 239 960 re
277 917 453 960 Ellisius
502 920 545 959 et
584 917 870 960 Baehrensius
918 919 1089 972 poetam
1131 916 1360 959 adductum
1400 931 1488 959 esse
1528 917 1699 972 putant,

196 992 245 1032 ut
278 990 461 1047 fingeret
492 1005 643 1033 navem
678 1004 815 1044 nuper
848 989 1118 1032 aedificatam
1139 1003 1262 1031 cursu
1287 988 1557 1032 imbuendam
1581 990 1702 1030 esse?

195 1062 452 1118 Propterea,
493 1065 542 1104 ut
584 1062 771 1115 videtur,
820 1062 932 1117 quod
964 1061 1317 1117 Argonautarum
1358 1061 1478 1104 navis
1510 1060 1702 1103 omnium

194 1135 335 1189 prima
373 1134 502 1177 fuisse
544 1135 694 1178 fertur.
759 1134 841 1177 Sed
879 1134 921 1176 id
959 1149 1034 1176 nos
1074 1147 1125 1175 ex
1158 1132 1317 1175 Catulli
1356 1132 1545 1175 versibus
1577 1146 1702 1188 prae-

195 1206 444 1249 cedentibus
484 1207 671 1250 nondum
712 1207 935 1249 didicimus
974 1220 1110 1261 neque
1153 1205 1324 1248 omnino
1355 1204 1494 1261 prima
1526 1203 1645 1247 navis
1677 1219 1702 1246 a

196 1277 391 1321 Minerva
423 1281 669 1322 constructa
701 1279 839 1335 magis
870 1278 950 1322 tali
981 1278 1215 1334 disciplina.
1237 1278 1390 1334 egebat
1413 1292 1541 1332 quam
1572 1290 1702 1331 quae-

194 1351 303 1394 libet
349 1353 499 1407 postea
551 1351 774 1394 hominum
826 1351 1021 1394 manibus
1073 1350 1201 1394 facta.
1285 1351 1387 1402 Quis
1439 1348 1573 1405 igitur
1625 1347 1702 1390 has

196 1438 366 1466 currere
387 1424 539 1467 docet?
584 1423 794 1479 Apparet,
819 1438 955 1479 spero,
988 1421 1258 1475 sententiam,
1292 1436 1402 1477 quae
1422 1422 1468 1464 in
1489 1420 1704 1476 scriptura

196 1497 250 1540 ab
282 1496 433 1539 Ellisio
472 1499 516 1539 et
547 1495 808 1539 Baehrensio
846 1496 1030 1551 probata
1065 1495 1200 1546 inest,
1240 1495 1343 1536 satis
1376 1493 1528 1536 miram
1560 1494 1604 1535 et
1635 1491 1702 1533 in-

196 1569 447 1612 concinnam
488 1583 590 1611 esse.
662 1567 755 1610 Iam
803 1567 1112 1610 consideremus
1158 1566 1416 1622 scripturam
1460 1564 1702 1608 Lachman-

197 1641 394 1684 nianam:

411 1716 492 1755 Illa
523 1715 666 1755 rudem
698 1728 822 1755 cursu
851 1715 991 1768 prima
1022 1713 1164 1754 imbuit
1196 1713 1481 1766 Amphitriten.

198 1787 442 1841 Amphitrite
489 1786 637 1842 regina
682 1785 813 1827 maris
853 1785 993 1840 figura
1031 1784 1108 1827 illa
1148 1798 1275 1839 quam
1313 1782 1507 1825 rhetores
1547 1782 1703 1824 vocant

197 1858 502 1914 metonymiam
534 1859 674 1914 posita
707 1860 772 1900 est
803 1872 880 1913 pro
913 1857 1005 1912 ipso
1036 1856 1157 1908 mari,
1190 1857 1239 1896 ut
1261 1855 1365 1897 haec
1386 1854 1444 1897 sit
1466 1852 1700 1896 sententia:

196 1930 273 1972 illa
304 1930 445 1985 prima
477 1945 594 1982 mare
626 1930 730 1972 rude
753 1944 878 1972 cursu
901 1928 1070 1980 imbuit,
1104 1928 1183 1970 hoc
1204 1930 1288 1970 est:
1321 1927 1398 1970 illa
1419 1926 1559 1982 prima
1579 1927 1702 1967 vecta

197 2005 261 2046 est
299 2017 375 2059 per
408 2003 537 2046 maris
582 2004 738 2055 undas,
782 2016 891 2058 quae
931 2001 1070 2044 adhuc
1102 2001 1266 2043 nullam
1298 2014 1450 2043 navem
1483 1999 1702 2041 vexerant.

199 2074 410 2118 Similiter
432 2074 633 2118 Valerius
667 2073 842 2116 Flaccus
874 2073 978 2117 dicit
1009 2075 1188 2116 imbuere
1220 2079 1372 2115 terram
1394 2086 1556 2114 vomere
1581 2069 1602 2112 I
1625 2069 1700 2112 69:

481 2149 657 2202 iqnaras
691 2147 851 2189 Cereris
884 2149 953 2201 qm?
983 2160 1145 2188 vomere
1177 2152 1313 2187 terras

411 2221 572 2262 Imbuit.

197 2293 291 2335 Iam
338 2291 523 2347 primum
572 2292 753 2347 apparet
792 2289 1089 2346 Amphitriten
1130 2290 1189 2332 sic
1227 2304 1312 2331 non
1351 2302 1439 2330 esse
1477 2285 1703 2330 fautricem

198 2364 551 2422 Argonautarum
589 2377 724 2418 neque
766 2362 984 2405 Catullum
1028 2379 1052 2405 a
1091 2362 1239 2406 fabula
1278 2360 1439 2404 tradita
1471 2359 1700 2402 deflexisse.

199 2436 309 2478 Tum
344 2436 483 2478 verbis
515 2435 656 2491 planis
696 2434 853 2477 dicitur
890 2436 946 2487 id,
986 2434 1098 2490 quod
1131 2435 1175 2477 in
1208 2433 1458 2477 Baehrensii
1491 2431 1704 2486 scriptura

199 2508 556 2559 desiderabamus,
589 2506 708 2562 Argo
742 2521 892 2549 navem
923 2508 1111 2549 omnium
1145 2507 1319 2550 navium
1348 2506 1531 2560 primam
1553 2502 1702 2552 fuisse;

199 2580 241 2622 id
273 2582 418 2622 autem
451 2579 530 2621 hoc
563 2579 653 2621 loco
686 2579 768 2621 dici
800 2593 848 2621 eo
881 2579 1018 2635 magis
1040 2580 1280 2634 oportebat,
1314 2576 1423 2632 quod
1446 2575 1492 2618 in
1514 2574 1703 2617 versibus

201 2651 475 2707 sequentibus
522 2651 736 2706 nymphae
783 2651 973 2694 marinae
1015 2653 1250 2693 monstrum
1289 2648 1528 2692 inauditum
1566 2645 1703 2688 admi-

201 2727 345 2766 rantes
398 2723 671 2766 inducuntur.
754 2721 949 2777 Denique
999 2723 1111 2778 quod
1163 2737 1248 2765 non
1296 2719 1577 2777 spernendum
1625 2719 1702 2769 est,

200 2796 374 2851 planam
415 2797 458 2837 et
499 2795 748 2838 concinnam
788 2795 1046 2837 sententiam
1087 2796 1145 2837 sic
1177 2793 1459 2837 nanciscimur
1491 2806 1576 2834 non
1608 2806 1701 2834 mu-
