1950 3256
988 244 1044 287 57

275 369 364 411 rius
395 367 577 410 alteram
610 364 820 420 syllabam
852 371 897 406 ta
929 363 1120 420 neglexit
1151 367 1194 404 et
1226 362 1407 418 primam
1431 362 1641 417 syllabam
1665 362 1776 404 vocis

274 428 486 496 requirunt
533 436 662 479 verbo
700 435 972 491 praecedenti
1013 434 1174 487 affixit,
1214 448 1298 489 quo
1338 434 1450 476 facto
1490 447 1566 488 pro
1611 436 1775 489 quirunt

273 511 480 568 scriptum
528 510 594 550 est
640 514 854 563 quaerunt.
923 506 990 549 Ex
1027 505 1109 550 hac
1146 507 1291 548 autem
1333 505 1546 562 scriptura
1579 506 1777 548 meditare

275 589 492 640 quaerunt,
524 595 633 637 quae
664 580 708 622 in
732 578 768 622 G
801 579 999 630 habetur,
1031 592 1179 620 verum
1209 576 1414 633 indagare
1436 576 1652 620 difficilius
1682 579 1778 620 erat

274 667 403 711 qnam
436 655 483 694 ut
519 651 600 695 hoc
636 652 679 693 in
703 651 741 694 D
774 650 1020 693 coniectura
1055 652 1196 692 ortum
1234 663 1323 692 esse
1344 648 1545 692 credibile
1566 648 1775 692 videatur.

274 725 408 769 Poeta
450 724 561 766 enim
595 723 674 766 hoc
714 723 805 766 loco
844 723 1022 765 verbum
1052 720 1296 777 requirendi
1328 735 1413 763 non
1444 720 1604 763 usitato
1635 720 1779 776 posuit

278 810 426 847 sensu,
473 796 546 838 sed
593 795 655 838 ita
700 797 750 836 ut
796 794 853 836 sit
892 794 1054 849 aliquid
1090 807 1287 836 revocare
1323 792 1405 834 sibi
1441 792 1483 834 in
1517 791 1776 835 memoriam.

278 867 426 924 Neque
456 866 581 910 Italis
614 867 812 925 contigit,
852 869 902 908 nt
933 866 1162 922 genuinam
1192 864 1450 920 scripturam
1482 865 1778 907 restituerent:

276 941 343 984 illi
377 939 490 983 enim
523 939 785 995 scripserunt
816 940 1078 981 meditamina
1100 943 1314 993 quaeruut.
1362 935 1480 987 Quod
1512 939 1656 979 autem
1677 950 1779 993 gra-

279 1012 499 1056 vissimum
534 1012 613 1062 est,
645 1013 893 1067 corruptum
925 1009 1032 1052 illud
1054 1013 1327 1065 innuptaeque
1348 1023 1373 1052 a
1394 1009 1513 1051 nullo
1532 1010 1779 1051 contactum

276 1086 514 1129 correctore
550 1083 680 1126 etiam
706 1082 742 1124 D
774 1082 969 1134 exhibet;
1001 1082 1112 1125 unde
1142 1083 1324 1138 apparet
1355 1094 1491 1136 neque
1518 1079 1780 1123 sententiam

275 1155 474 1199 versiculi
514 1170 539 1197 a
573 1154 761 1198 codicum
802 1154 988 1196 librariis
1028 1157 1297 1211 perspectam
1328 1167 1418 1196 esse
1450 1166 1585 1207 neque
1616 1150 1779 1194 exitum

278 1229 529 1284 corrupt-um
570 1227 626 1270 ab
667 1226 725 1269 eis
762 1226 905 1269 sanari
942 1224 1146 1282 potuisse.
1214 1224 1368 1281 Itaque
1404 1224 1533 1267 etiam
1576 1223 1655 1266 hoc
1686 1223 1779 1266 loeo

274 1313 527 1358 persuasum
581 1298 787 1341 habemus
834 1312 979 1340 veram
1025 1297 1283 1353 scripturam
1323 1295 1367 1337 in
1398 1293 1439 1337 V
1480 1295 1609 1338 fuisse
1646 1298 1691 1338 et
1727 1310 1780 1337 ex

275 1373 359 1416 hoc
390 1371 503 1415 libro
534 1371 578 1413 in
609 1370 649 1413 D
679 1370 933 1427 pervenisse.
979 1367 1042 1411 At
1073 1369 1204 1412 etiam
1236 1370 1484 1424 corruptum
1515 1367 1624 1409 illud
1644 1368 1778 1410 medi-

280 1451 373 1488 tare
404 1449 605 1500 quaerunt
637 1442 682 1484 in
703 1441 746 1484 V
767 1441 895 1484 fuisse
926 1455 1056 1497 supra
1075 1439 1271 1484 vidimus.
1322 1439 1406 1482 Res
1437 1439 1497 1482 sic
1528 1439 1781 1496 explicanda

276 1518 362 1559 est:
392 1530 490 1559 cum
527 1514 621 1560 veri
651 1515 789 1558 simile
827 1514 884 1556 sit
920 1514 1079 1556 librum
1110 1511 1150 1553 V
1182 1528 1206 1555 a
1247 1512 1424 1555 librario
1456 1511 1660 1555 collatum
1692 1526 1781 1555 esse

281 1602 376 1631 cum
410 1588 495 1631 alio
527 1586 680 1639 codice,
712 1601 797 1629 non
829 1585 918 1628 sine
941 1585 1247 1641 probabilitate
1280 1583 1471 1626 videmur
1503 1586 1694 1628 statuere
1726 1584 1782 1627 ab

278 1659 360 1704 hoc
403 1659 582 1703 librario
621 1658 879 1714 scripturam
917 1660 1115 1700 meditare
1151 1662 1354 1713 quaerunt
1390 1658 1627 1699 correctam
1670 1671 1781 1700 esse:

277 1746 408 1789 quam
454 1720 758 1775 correctionem
797 1731 857 1783 is,
904 1730 979 1786 qui
1016 1729 1297 1785 archetypum
1335 1727 1498 1771 Datani
1536 1743 1589 1772 ex
1627 1728 1669 1772 V
1708 1729 1782 1772 de-

276 1803 506 1856 scribebat,
539 1804 652 1846 recte
673 1801 902 1855 intellexit,
925 1802 1056 1845 ceteri
1077 1801 1244 1844 librarii
1266 1803 1343 1844 aut
1364 1815 1447 1844 non
1470 1799 1782 1845 intellexerunt

279 1878 359 1920 aut
388 1875 562 1919 omnino
593 1875 889 1932 neglexerunt.

397 1946 609 1991 Carminis
642 1947 700 1990 65
731 1960 879 1990 versus
910 1960 1047 1989 nonus
1079 1944 1199 1988 abest
1231 1960 1257 1988 a
1289 1943 1327 1987 G
1358 1946 1403 1987 et
1425 1943 1461 1988 Ο
1492 1946 1537 1987 et
1568 1945 1784 2002 plerisque

278 2019 414 2064 libris.
474 2019 529 2063 Iu
567 2019 607 2062 D
655 2022 699 2062 et
738 2019 782 2062 in
825 2018 1018 2062 Parisino
1058 2017 1173 2060 ‘1989
1214 2016 1288 2074 (P¹
1336 2016 1450 2073 apud
1488 2012 1782 2072 Schwabium)

280 2090 386 2136 haec
415 2092 649 2136 habentur:

494 2165 696 2220 Alloquor
727 2165 898 2206 audiero
929 2176 1138 2218 nunquam
1169 2168 1240 2204 tua
1423 2162 1662 2216 loquentem.

283 2235 443 2280 Eadem
489 2236 579 2279 sine
626 2235 783 2279 lacuna
823 2236 975 2278 extant
1019 2234 1064 2276 in
1102 2233 1405 2277 Ellisianorum
1451 2248 1537 2276 uno
1583 2231 1656 2289 (c).
1731 2231 1782 2274 In

279 2307 457 2364 reliquis
503 2308 646 2360 libris,
693 2307 767 2364 qui
813 2307 927 2349 hunc
972 2320 1142 2348 versum
1189 2305 1394 2349 exhibent
1434 2304 1507 2361 (cf.
1547 2319 1645 2347 ann.
1686 2303 1783 2347 crit.

281 2379 439 2437 Ellis),
471 2381 627 2424 lacuna
660 2379 737 2422 illa
768 2379 887 2423 vario
918 2378 1042 2422 modo
1071 2378 1247 2435 expleta
1277 2380 1343 2422 est
1368 2385 1441 2420 tua
1460 2378 1588 2420 verba
1609 2378 1783 2432 loquen-

282 2458 361 2495 tem
391 2453 460 2496 vel
491 2458 564 2494 tua
594 2454 689 2507 fata
721 2453 747 2495 1.
810 2449 907 2493 Viri
938 2451 1052 2494 docti
1083 2449 1159 2494 alii
1190 2449 1499 2506 interpolatum
1529 2448 1783 2491 versiculum

286 2526 459 2580 putant,
497 2523 572 2567 alii
610 2524 665 2567 ab
696 2523 788 2579 ipso
820 2521 993 2566 Catullo
1023 2523 1272 2579 profectum.
1335 2521 1525 2572 Quorum
1554 2535 1578 2563 e
1608 2534 1786 2563 numero

285 2593 494 2651 copiosius
539 2593 592 2637 de
621 2595 702 2638 hoc
731 2608 856 2637 versu
887 2595 979 2651 egit
1009 2593 1280 2647 Schwabius‚
1319 2594 1394 2649 qui
1425 2607 1686 2649 quamquam
1716 2607 1784 2636 vv,

284 2667 367 2711 9-
376 2667 432 2711 14
466 2682 519 2710 ex
549 2666 629 2711 hoc
659 2666 846 2711 carmine
867 2666 1143 2710 removendos
1176 2681 1267 2710 esse
1298 2668 1342 2708 et
1369 2664 1709 2721 transponendos
1740 2664 1783 2706 in

284 2755 322 2785 c.
357 2741 439 2783 101
481 2739 637 2784 iniuria
668 2739 829 2783 Haasio
866 2739 1093 2792 concessit,
1132 2742 1277 2782 tamen
1314 2739 1366 2782 de
1398 2753 1520 2781 versu
1552 2751 1663 2780 nono
1693 2737 1785 2793 ipso

286 2815 402 2856 recte
434 2812 603 2855 videtur
634 2811 854 2856 iudicasse.
915 2810 958 2853 Is
996 2810 1108 2854 enim
1140 2810 1184 2854 in
1216 2813 1379 2866 quaest.
1412 2809 1456 2853 C.
1488 2826 1530 2866 p.
1563 2809 1649 2852 277
1680 2808 1786 2852 haec

286 2883 337 2927 de
385 2898 434 2927 eo
473 2884 643 2928 scribit:
691 2898 834 2927 versus
871 2898 1001 2926 nonus
1033 2884 1281 2938 (adloquar)
1318 2885 1360 2925 in
1397 2884 1511 2925 bonis
1542 2882 1785 2936 quibusdam
