1950 3256
923 182 976 223 10

199 299 262 340 uti
310 300 500 351 volebat,
549 299 769 342 dicendum
821 303 913 343 erat
961 316 1066 356 quae
1107 305 1201 344 iura
1240 309 1354 345 casto
1401 305 1522 346 cubili
1565 306 1697 346 colere

196 374 356 426 cupitis.
410 370 457 412 Id
492 371 603 413 inest
636 371 678 413 in
713 371 927 427 scriptura
960 373 1060 416 libri
1083 373 1120 415 D
1155 381 1267 416 casto
1297 377 1433 429 petitis
1465 390 1571 430 quae
1602 378 1697 418 iura

195 445 334 495 cubili,
377 458 503 498 quam
550 458 693 486 veram
733 458 821 486 esse
864 447 981 499 puto.
1049 446 1188 488 Colitis
1228 448 1371 488 autem
1412 447 1521 489 unde
1553 450 1695 490 ortum

194 517 288 558 est?
341 514 466 558 Certe
507 530 588 557 non
633 515 815 570 simplici
855 516 1066 559 scribendi
1099 532 1261 573 errore,
1300 518 1370 560 sed
1404 535 1427 561 a
1459 521 1696 562 correctore

193 587 431 643 profectum
474 588 657 632 videtur.
720 586 778 629 Et
817 589 851 629 si
894 603 1064 631 causam
1103 590 1366 645 quaerimus,
1407 605 1491 646 qua
1533 590 1607 634 ille
1648 605 1696 633 eo

193 659 401 702 adductus
441 660 519 711 sit,
561 663 610 702 ut
650 661 892 702 coniectura
932 661 1011 703 hoc
1051 663 1141 704 loco
1175 677 1278 717 opus
1311 677 1400 704 esse
1431 662 1695 718 opinaretur,

193 732 408 774 commode
440 747 483 774 se
515 733 621 774 illud
655 733 776 776 uobis
808 733 952 784 offert,
995 734 1104 789 quod
1138 734 1239 776 libri
1275 733 1468 776 nonnulli
1501 736 1698 789 quaeritis

193 804 410 846 exhibent.
467 803 589 846 Hanc
621 802 730 844 enirn
761 804 1016 859 scripturam
1040 805 1320 860 probabiliter
1342 806 1540 861 ponimus
1563 805 1696 848 inter·-

193 877 430 932 polatorem
464 876 585 917 illum
620 875 664 917 in
697 875 836 918 codice
868 891 942 918 suo
975 877 1207 928 invenisse;
1241 893 1350 933 quae
1381 892 1475 920 cum
1511 878 1696 920 numeris

194 948 307 990 haud
356 949 460 990 satis
508 949 687 998 faceret,
738 962 903 990 versum
952 949 1025 990 ille
1072 951 1264 992 restituit
1308 950 1563 992 sententiam
1611 964 1696 992 non

194 1021 434 1063 accuratius
466 1021 704 1076 respiciens.
759 1019 903 1075 Ipsum
938 1024 1080 1063 autem
1114 1022 1220 1063 illud
1255 1025 1453 1077 quaeritis
1475 1025 1698 1064 exaratum

193 1095 258 1135 est
297 1109 374 1149 pro
413 1093 599 1150 genuino
643 1095 781 1146 petitis
820 1107 937 1135 mera
981 1094 1273 1150 neglegentia,
1323 1108 1408 1149 qua
1455 1094 1698 1149 saepissime

192 1165 361 1208 librarii
396 1180 630 1222 synonyma
663 1165 959 1208 confuderunt·

312 1238 378 1280 Ad
421 1239 496 1280 hos
537 1238 639 1280 duos
678 1239 810 1290 locos,
852 1238 1005 1293 quibus
1045 1237 1197 1280 codicis
1238 1237 1272 1280 G
1314 1238 1551 1294 scripturae
1587 1253 1697 1280 vana

191 1313 290 1353 sunt
314 1311 586 1354 librariorum
610 1314 863 1362 commenta,
894 1311 1099 1353 accedunt
1121 1311 1208 1362 alii,
1242 1311 1395 1366 quibus
1419 1325 1533 1353 mero
1555 1324 1696 1353 errore

190 1383 390 1425 librarius
425 1384 534 1426 falsa
567 1383 776 1434 exaravit,
809 1398 908 1425 vera
940 1384 1154 1438 scriptura
1186 1398 1280 1424 cum
1313 1383 1356 1423 in
1387 1383 1538 1425 ceteris
1560 1382 1698 1424 omni-

190 1456 268 1496 bus
302 1456 422 1497 libris
456 1458 548 1498 tum
584 1457 624 1497 in
656 1456 694 1497 D
727 1458 771 1497 et
794 1455 827 1496 L
860 1455 1064 1498 habetur:
1100 1455 1260 1506 64‚134
1294 1457 1533 1497 discendens
1565 1454 1697 1505 6624

191 1534 233 1569 ut
275 1530 331 1569 ibi
372 1528 503 1579 66‚32
544 1530 687 1569 adesse
729 1527 860 1579 66,74
901 1529 1067 1569 candita
1107 1528 1238 1578 66‚85
1277 1530 1379 1569 inita
1421 1527 1550 1577 67‚35
1585 1533 1696 1568 αηιαί

194 1615 333 1643 amore
368 1601 525 1652 68‚101
562 1607 672 1641 tuum
706 1600 806 1651 713
839 1604 881 1641 et
915 1600 940 1641 6
974 1602 1165 1654 ροάι·α9(ι
1189 1600 1318 1650 84,11
1345 1607 1445 1642 esset
1469 1599 1564 1651 87‚1
1590 1614 1698 1654 pone

192 1673 291 1724 99,7
326 1675 381 1715 ad
416 1674 542 1724 114‚3
576 1687 695 1714 aura.
761 1670 855 1714 Non
897 1671 1149 1728 infringitur
1191 1672 1360 1727 quidem
1401 1671 1480 1714 hac
1519 1686 1564 1714 re
1595 1671 1698 1715 fides

190 1745 343 1788 codicis
376 1744 432 1795 (33
471 1745 565 1800 quis
601 1746 715 1787 enim
748 1745 881 1786 bonus
915 1744 1022 1786 liber
1056 1744 1266 1787 scribendi
1297 1744 1511 1787 erroribus
1546 1745 1697 1786 vacat?

192 1815 272 1859 Sed
307 1819 452 1860 tamen
493 1832 733 1868 monemur,
783 1830 833 1857 ne
878 1820 1036 1859 temere
1083 1831 1177 1859 cum
1227 1815 1487 1859 Baehrensio
1535 1819 1698 1860 ceteros

190 1889 320 1932 libros
352 1894 523 1945 praeter
557 1889 591 1932 Ο
624 1903 768 1931 omnes
800 1903 851 1930 ex
883 1888 919 1931 Gr
952 1888 1165 1932 derivatos
1201 1903 1288 1931 esse
1321 1877 1532 1945 putemus.
1585 1888 1698 1938 Quo-

191 1961 314 2004 modo
347 1962 459 2004 enim
492 1962 653 2004 factum
687 1965 765 2013 est,
799 1963 848 2002 ut
882 1961 1033 2003 horum
1062 1961 1264 2003 vitiorum
1297 1961 1338 2002 in
1372 1961 1458 2003 illis
1491 1975 1567 2003 nec
1601 1961 1696 2003 vola

190 2048 268 2076 nec
300 2034 527 2090 vestigium
559 2034 644 2076 sit?

312 2106 402 2149 Iam
421 2106 472 2149 ad
491 2121 578 2149 cor
591 2106 848 2149 rectiones
872 2106 970 2148 libri
990 2105 1024 2148 G
1043 2120 1119 2147 nos
1137 2106 1302 2147 vertere
1319 2105 1432 2158 licet,
1451 2105 1501 2147 de
1517 2120 1698 2161 quarum

192 2179 356 2236 origine
395 2179 474 2221 viri
513 2180 627 2222 docti
665 2193 751 2222 non
792 2178 1081 2221 consentiunt.
1151 2176 1412 2220 Baehrensio
1460 2179 1514 2221 ab
1552 2178 1698 2220 eadem

192 2266 335 2302 manu,
369 2266 478 2307 quae
512 2254 679 2293 textum
709 2251 916 2301 exaravit,
951 2250 1090 2292 factae
1115 2249 1311 2291 videntur
1334 2248 1391 2304 (p.
1416 2247 1538 2305 XIV)
1561 2263 1698 2304 neque

191 2324 265 2365 ille
299 2323 490 2375 dubitat,
530 2324 631 2378 quin
664 2337 807 2365 omnes
849 2323 974 2364 unius
1008 2321 1096 2363 eius
1129 2321 1202 2376 qui
1235 2320 1270 2363 G
1304 2319 1496 2363 exaravit
1527 2319 1698 2375 ingenio

195 2396 432 2438 debeantur
463 2395 714 2450 plerumque
747 2409 944 2449 perverso
977 2394 1034 2448 (p.
1069 2391 1229 2449 XVII).
1287 2392 1449 2435 Contra
1480 2391 1698 2433 Bonnetus

193 2467 357 2522 (Revue
388 2468 570 2522 critique
598 2468 729 2523 1877)
761 2467 1044 2508 correctiones
1077 2480 1158 2507 non
1194 2466 1247 2508 ab
1273 2465 1418 2507 cadem
1443 2479 1569 2506 manu
1591 2477 1700 2518 quae

195 2542 364 2581 textum
397 2540 567 2595 scripsit
599 2540 811 2594 profectas
845 2553 946 2589 esse,
981 2538 1050 2580 sed
1085 2538 1212 2580 aliam
1246 2552 1420 2579 manum
1448 2535 1633 2578 codicem
1662 2533 1697 2577 G

193 2626 288 2654 cum
328 2612 413 2653 alio
451 2611 634 2666 quodam
673 2610 812 2652 codice
860 2610 1090 2652 contulisse
1130 2613 1173 2651 et
1212 2608 1494 2651 correctiones
1533 2620 1585 2647 cx
1623 2605 1698 2648 illo

194 2683 511 2740 transcripsisse
553 2683 784 2726 existimat.
858 2681 1050 2737 Apparet
1087 2684 1232 2725 autem
1272 2694 1322 2722 ex
1362 2678 1609 2722 Baehrensii
1649 2677 1700 2719 de

195 2756 524 2799 correctionibus
563 2754 663 2797 libri
696 2753 730 2796 G
764 2754 937 2806 iudicio,
979 2769 1052 2796 cur
1091 2754 1165 2796 ille
1201 2755 1362 2795 ceteros
1394 2752 1524 2793 libros
1557 2763 1699 2792 omnes

196 2844 247 2871 ex
270 2827 305 2870 G
327 2827 539 2870 derivatos
563 2841 651 2869 csse
673 2827 920 2870 arbitretur.
971 2824 1082 2867 Nam
1105 2826 1140 2868 si
1162 2839 1307 2866 verum
1333 2826 1396 2865 cst
1419 2822 1699 2865 correctiones
