1950 3256
0 616 26 1544 Wrzw.
0 571 9 586 ³
0 504 26 535 “x

0 1980 11 2146 -τ-κν--νψ-
0 1950 7 1964 v
0 1822 8 1939 rum—-

1006 204 1059 245 41

289 326 482 367 veterum
519 339 599 367 usu
645 326 689 366 et
735 324 1038 368 consuetudine.
1084 323 1248 366 dicendi
1288 322 1527 364 discendum
1568 322 1646 372 est,
1685 321 1787 375 quid

287 395 628 450 illisssphcuerit.
690 396 829 445 Quare
861 411 914 437 110
945 395 1024 437 hac
1055 395 1226 451 quidem
1256 394 1436 445 ratione,
1473 408 1556 447 qua
1589 393 1785 444 maxime,

286 468 361 523 qui
403 470 554 511 contra
595 469 852 523 scripturam
890 469 1007 510 nobie
1043 471 1263 524 pugnant,
1311 467 1521 516 nituntur,
1553 465 1786 520 quidquam

286 539 398 583 effici
429 555 550 596 posse
581 544 776 596 apparet.
823 539 927 582 Inde
958 544 1116 590 autem,
1148 539 1260 594 quod
1293 539 1472 580 vidimus
1494 541 1640 579 nostro
1661 551 1786 578 sensu

285 612 513 655 desiderari
551 627 672 668 posse
709 613 931 668 epitheton
970 612 1023 654 ad
1063 610 1379 654 substantivum
1418 625 1515 652 voce
1551 609 1785 664 pertinens,

285 685 467 727 fortasse
505 686 708 741 explicari
749 688 892 740 potest
931 684 1052 740 origo
1090 682 1400 738 discrepantiae
1437 683 1549 724 iuter
1587 682 1703 722 uobis
1742 683 1786 722 et

285 758 451 799 blanda.
515 755 635 797 Mero
681 756 852 811 quidem
891 772 1033 799 errore
1072 759 1122 798 ut
1158 757 1275 797 uobis
1311 770 1396 797 non
1434 769 1487 796 ex
1525 755 1680 795 blanda
1722 753 1785 794 ita

283 830 438 871 blanda
477 843 562 870 non
602 843 654 870 ex
692 831 809 872 nobis
846 829 948 871 oriri
980 829 1136 883 potuit.
1199 827 1280 869 Sed
1313 827 1405 869 fieri
1436 828 1598 881 potest,
1637 828 1688 866 ut
1719 825 1785 866 vir

282 901 438 956 aliquis
470 902 585 944 haud
617 902 790 953 stultus,
822 902 890 944 cui
922 901 1027 943 item
1058 903 1108 942 ut
1137 899 1399 942 Baehrensio
1429 913 1529 942 voce
1560 901 1650 940 tam
1672 898 1784 940 nude

281 973 469 1029 positum
500 973 708 1030 languere
739 974 977 1025 videbatur,
1009 988 1088 1029 pro
1118 975 1234 1015 uobis
1264 972 1483 1027 scripserit
1511 972 1679 1013 blanda.
1725 969 1784 1011 Et

281 1060 336 1089 110
371 1045 466 1101 quis
504 1046 583 1088 1100
615 1047 814 1090 audacius
854 1062 879 1088 a
920 1046 1040 1088 nobis
1071 1045 1173 1101 poni
1212 1047 1357 1100 putet,
1396 1044 1597 1099 respiciat
1627 1044 1782 1094 locum,

280 1118 332 1161 de
377 1133 461 1173 quo
505 1119 629 1161 modo
676 1119 860 1174 egimus,
907 1118 1092 1169 61,106;
1139 1117 1199 1175 ibi
1245 1131 1297 1159 ex
1343 1116 1558 1171 scriptura
1595 1118 1784 1171 lentaque

282 1190 518 1232 mutatione
549 1205 635 1233 non
666 1194 783 1233 recta
816 1191 985 1245 quidem
1017 1190 1089 1232 sed
1120 1190 1256 1233 libera
1277 1192 1322 1231 et
1349 1188 1590 1230 sententiae
1611 1188 1783 1244 egregie

229 1246 232 1249 Ι
279 1263 555 1305 conveniente
602 1263 800 1305 effectum
850 1266 943 1305 erat
982 1265 1091 1304 lenta
1127 1263 1212 1305 sed.
1275 1260 1420 1315 Atque
1459 1260 1510 1312 ei,
1558 1260 1634 1314 qui
1671 1260 1782 1302 113110

278 1333 567 1378 coniecturam
607 1335 887 1392 excogitavit,
919 1335 1027 1377 illud
1058 1349 1225 1390 quoque
1264 1334 1414 1389 opinor
1444 1334 1635 1376 tribuere
1666 1333 1780 1383 licet,

278 1411 329 1448 ut
359 1421 438 1462 pro
468 1408 586 1450 nobis
617 1407 835 1462 scripserit
872 1409 1027 1450 blanda
1057 1407 1297 1450 mutatione
1329 1408 1373 1447 et
1404 1406 1498 1462 ipsa
1528 1420 1616 1448 non
1647 1408 1779 1456 recta,

276 1479 350 1521 sed
394 1493 480 1521 non
525 1480 667 1522 minus
704 1480 862 1531 libera,
908 1494 994 1522 non
1033 1480 1175 1522 minus
1211 1479 1450 1522 sententiae
1489 1478 1780 1520 conveniente.

275 1552 405 1594 Nobis
441 1554 587 1594 autem
616 1552 870 1595 mutandum
910 1566 1000 1594 esse
1032 1552 1104 1594 ille
1135 1566 1184 1594 eo
1216 1551 1383 1594 facilius
1415 1550 1496 1593 sibi
1526 1549 1781 1605 persuadere

274 1625 464 1678 poterat,
495 1623 605 1678 quod
639 1624 819 1667 fortasse
850 1624 1044 1667 dativum
1074 1627 1173 1666 mihi
1193 1624 1247 1667 ad
1267 1621 1565 1679 praecedentia
1586 1620 1780 1664 trahenti

274 1694 502 1738 videbatur
533 1695 619 1738 iam
650 1711 737 1738 11011
767 1697 884 1739 locus
915 1711 1005 1740 esse
1035 1696 1280 1752 pronomini
1311 1697 1441 1738 uobis.

393 1767 560 1819 Restat,
603 1772 651 1811 ut
698 1769 750 1811 de
795 1772 1014 1813 structura
1061 1768 1346 1826 grammatica
1377 1766 1646 1818 disseramus,
1693 1780 1778 1820 qua

277 1841 451 1894 poetam
481 1839 635 1883 dixisse
666 1842 884 1897 ponimus:

483 1914 581 1954 mihi
609 1928 690 1956 non
720 1915 824 1956 haec
853 1917 1027 1957 miserae
1056 1928 1230 1968 sperare
1258 1914 1440 1955 iubebas.

273 1982 416 2038 Atque
454 1983 595 2039 priore
633 1985 804 2040 quidem
843 1989 987 2029 aetate
1020 1986 1136 2028 verbi
1167 1985 1339 2028 iubendi
1370 1999 1466 2027 cum
1497 1983 1644 2025 dativo
1675 1996 1776 2024 0011-

275 2055 412 2098 iuncti
458 2056 563 2099 satis
608 2071 766 2113 magna
798 2059 1087 2114 exemplorum
1126 2057 1247 2113 copia
1288 2056 1391 2099 viris
1429 2055 1565 2098 doctis
1602 2056 1775 2111 praesto

272 2130 383 2171 erat.
430 2127 602 2172 Nostris
633 2136 778 2171 autem
800 2129 1063 2183 temporibus
1094 2129 1307 2172 codicibus
1328 2126 1569 2171 accuratius
1589 2124 1774 2166 excussis

269 2198 356 2242 iam
372 2200 569 2255 plurimis
584 2215 730 2242 eorum
742 2201 855 2244 nihil
862 2202 1034 2257 probari
1042 2205 1235 2257 apparet.
1252 2198 1555 2256 ApudLivium
1562 2193 1775 2238 XXXXII

269 2270 370 2323 28‚1
386 2273 557 2328 egregia
575 2271 760 2314 Bekkeri
776 2273 1019 2316 coniectura
1035 2274 1282 2315 restitutum
1300 2275 1366 2314 est
1378 2286 1399 2313 e
1416 2271 1627 2325 republica
1641 2270 1772 2309 visum

269 2349 373 2385 erat.
388 2342 439 2385 In
447 2343 634 2386 eiusdem
641 2344 861 2400 scriptoris
870 2345 979 2387 libro
986 2344 1155 2388 XXVII
1165 2345 1265 2396 24‚3
1275 2344 1389 2387 haud
1395 2342 1570 2385 dubium
1579 2342 1658 2392 est,
1667 2339 1772 2394 quin

268 2428 368 2457 vera
383 2415 595 2471 scriptura
612 2415 670 2457 sit
684 2419 785 2458 iussi
799 2418 951 2459 tribuni
965 2420 1133 2459 militum
1148 2419 1430 2471 praefectique
1445 2416 1598 2457 socium
1614 2418 1652 2454 et
1668 2426 1770 2453 cen-

267 2487 460 2528 turiones.
493 2486 620 2542 Apud
636 2486 859 2530 Caesarem
875 2490 926 2532 de
942 2489 981 2533 b.
999 2505 1034 2532 0.
1051 2488 1183 2532 11198
1201 2490 1396 2531 meliores
1409 2485 1569 2530 codices
1585 2486 1769 2526 nonius-

266 2558 319 2598 sit
334 2556 405 2598 sed
422 2560 715 2602 commendavit
731 2560 949 2605 exhibent.
982 2561 1092 2605 Item
1109 2562 1223 2619 apud
1239 2561 1439 2604 Ovidium
1453 2561 1554 2601 met.
1564 2554 1672 2598 VIII
1684 2555 1769 2596 752

266 2628 427 2671 codices
457 2629 571 2673 inter
600 2633 857 2688 famulosque
889 2636 933 2675 et
952 2637 1198 2690 famulisque
1218 2634 1402 2677 variant.
1450 2630 1577 2686 Apud
1598 2627 1767 2669 Livium

266 2700 440 2744 XXVII
488 2703 588 2755 16‚3
636 2704 806 2748 dativus
836 2709 1106 2762 interroganti
1144 2709 1306 2750 scribae
1342 2706 1417 2761 qui
1448 2702 1637 2747 traditur
1679 2713 1765 2741 11011

265 2774 494 2816 mutandus
532 2776 701 2831 quidem
734 2780 819 2829 est,
852 2780 922 2822 sed
954 2781 1280 2836 explicationem
1312 2794 1431 2821 suam
1464 2775 1609 2819 habet.
1672 2772 1765 2815 Iam

264 2843 362 2896 10⁶5,
393 2845 466 2900 qui
498 2847 659 2902 aliquid
692 2849 833 2892 valere
854 2856 1044 2906 possunt,
1078 2857 1245 2896 restant
1266 2867 1375 2894 unus
1398 2849 1699 2893 Ciceronianus
1720 2850 1764 2887 et
