1950 3256
1015 199 1064 241 '11

290 319 447 361 inem-m
491 318 589 367 hoc,
637 315 673 359 O
713 320 870 361 interea
916 321 1031 361 Ιιαεο.
1106 318 1355 363 Oxoniensis
1403 321 1659 378 scripturam
1684 319 1789 367 ¹iam

288 403 331 445 p.
361 388 424 431 35
446 387 739 442 <probavimus

409 457 638 502 Nonnullis
675 460 777 504 locis
813 461 987 505 dubium
1026 477 1115 506 esse
1146 462 1290 514 debet,
1333 466 1433 506 utra.
1470 464 1685 521 scriptura
1714 479 1790 521 ge-

289 532 422 576 nuina
451 531 530 580 sit,
569 534 613 573 et
650 531 900 588 plerumque
939 549 1023 578 non
1064 535 1246 578 multum
1284 534 1447 588 differt,
1487 538 1629 580 utram
1663 551 1788 593 prae·

203 651 206 653 ,
290 602 489 655 feramus,
522 603 656 646 veluti

410 675 511 727 3‚10

503 749 569 790 Ad
598 749 727 790 solam
760 749 966 791 dominam
999 762 1124 803 usque
1154 751 1371 802 pipilabat.

412 820 618 871 Pipilabat
641 819 693 870 D,
725 821 914 873 piplabat
946 823 1062 871 cett.‚
1096 835 1180 875 qua
1213 835 1264 862 ex
1297 819 1514 875 scriptura
1536 819 1639 864 Itali
1671 824 1786 876 pipi-

291 891 393 932 ebat
425 890 671 933 effecerunt.

409 961 511 1013 88,4

505 1036 663 1089 Ecqui
694 1038 775 1076 seis
806 1041 999 1090 quantum
1031 1037 1229 1088 suscipiat
1258 1037 1423 1078 sceleris

573 1113 611 1148 et
642 1109 711 1162 qui
742 1106 782 1148 D
843 1114 881 1148 et
914 1109 1012 1161 quid
1042 1108 1142 1150 cett.

408 1177 570 1228 64‚196

505 1250 618 1300 Quas
650 1265 737 1304 eqo,
770 1265 848 1292 vae
878 1252 1117 1301 miserae,
1158 1252 1352 1292 extremis
1382 1251 1574 1303 proferre
1605 1251 1788 1293 medullis

411 1365 415 1367 .
571 1324 744 1365 miserae
776 1321 815 1364 D
877 1324 1027 1377 misera
1058 1323 1159 1365 cett.

409 1392 507 1444 727

503 1465 583 1515 Qui
611 1468 720 1518 polis
750 1469 839 1507 est?
869 1468 1014 1520 inquis.
1058 1465 1177 1516 Quod
1208 1471 1412 1507 amantem
1445 1466 1600 1507 iniuria
1630 1466 1727 1507 talis

568 1538 681 1592 quod
697 1537 786 1589 DL,
820 1552 941 1594 quam
964 1535 1054 1588 GO,
1078 1551 1155 1592 pro
1187 1551 1272 1592 quo
1288 1535 1455 1579 Statius
1472 1539 1570 1592 quia
1601 1536 1785 1593 scripsit.

409 1609 569 1660 68‚147
1179 1605 1183 1609 ⁴

505 1683 645 1732 Quare
674 1682 776 1722 illud
804 1677 908 1722 satis
939 1687 1012 1731 est,
1043 1683 1079 1722 si
1110 1681 1226 1723 uobis
1256 1683 1292 1722 is
1322 1681 1448 1722 datur
1479 1695 1608 1723 unus

573 1768 677 1795 unus
707 1751 747 1793 D
810 1755 901 1794 um's
931 1755 1033 1797 cett.

407 1823 600 1879 Denique
630 1824 681 1866 de
714 1825 816 1866 locis
846 1823 1065 1866 nonnullis
1097 1823 1382 1867 disserendum
1416 1826 1494 1875 est,
1527 1824 1680 1879 quibus
1710 1825 1786 1867 alii

289 1896 373 1939 viri
404 1895 518 1939 docti
539 1895 710 1939 Datauo
743 1895 921 1938 nimium
953 1896 1191 1938 tribuentes
1223 1895 1312 1937 eius
1344 1896 1600 1950 scripturam
1629 1895 1787 1938 iniuria

291 1983 317 2012 a
348 1967 630 2011 Lachmanno
662 1969 863 2011 reiectam
890 1981 979 2010 esse
1010 1972 1282 2010 censuerunt:

412 2039 539 2091 115‚5

405 2111 458 2155 In
480 2110 518 2153 G
549 2115 593 2154 et
615 2111 651 2155 Ο
683 2116 728 2154 et
757 2114 882 2168 parte
914 2114 1151 2154 ceterorum
1184 2110 1390 2153 librorum
1424 2110 1527 2153 haec
1557 2110 1784 2162 habentur,

286 2198 395 2238 quae
427 2183 725 2226 Lachmannus
756 2184 941 2238 genuina
973 2183 1176 2238 putabat:

502 2257 632 2297 Prata
665 2267 770 2296 ama
800 2256 981 2309 inqentes
1010 2257 1137 2297 silvas
1168 2256 1377 2309 saltusque
1407 2256 1660 2309 paludesque

575 2328 707 2382 Usque
738 2328 795 2368 ad
824 2327 1108 2381 Hyperboreos
1139 2333 1175 2368 et
1207 2340 1323 2368 mare
1353 2328 1411 2368 ad
1444 2327 1665 2377 Oceanum,

286 2398 350 2441 ita
382 2401 432 2440 ut
462 2397 710 2442 hexameter
741 2398 798 2440 sit
830 2397 1203 2452 hypercatalectus
1231 2401 1502 2453 pentametro
1533 2399 1728 2453 proximo
1760 2413 1786 2441 a

287 2470 423 2514 vocali
454 2470 707 2525 incipiente3
746 2470 940 2526 idemqu'e
972 2472 1153 2527 apparet
1185 2470 1320 2513 latere
1351 2470 1429 2512 sub
1460 2484 1510 2512 eo
1541 2469 1654 2524 quod
1684 2469 1786 2512 libri

290 2539 399 2584 Act.
428 2541 653 2584 exhibent:

500 2615 633 2655 Prata
666 2627 770 2655 arva
804 2616 982 2667 ingentes
1010 2616 1139 2657 silvas
1169 2615 1300 2656 saltus
1328 2616 1595 2669 paludesque.

287 2684 413 2727 Haud
454 2685 578 2740 pauci
618 2688 761 2728 autem
793 2686 872 2728 viri
905 2686 1019 2729 docti
1058 2687 1104 2729 in
1158 2685 1238 2728 hac
1289 2686 1502 2741 scriptura
1553 2686 1786 2729 haeserunt

287 2759 333 2800 et
362 2761 534 2812 praeter
565 2759 728 2800 ceteros
761 2757 1023 2813 respicienda
1053 2760 1120 2800 est
1142 2757 1337 2800 Boehmii
1369 2759 1597 2809 sententia,
1629 2758 1704 2813 qui
1734 2758 1787 2801 de

286 2828 367 2872 hoe
406 2828 498 2871 loco
536 2828 745 2884 copiosius
776 2828 866 2884 egit
898 2830 941 2871 in
974 2833 1138 2884 quaest.
1173 2828 1216 2872 C.
1251 2843 1292 2884 p.
1326 2830 1395 2874 39.
1459 2829 1501 2871 Is
1533 2829 1669 2886 igitur
1700 2844 1782 2872 non
