1950 3256
974 234 1031 279 69

251 357 551 419 putamentri
569 357 807 416 admissum
838 370 927 398 esse
959 369 1175 412 negemus,
1212 354 1294 397 etsi
1325 353 1526 410 pauciora
1557 353 1753 409 exempla

251 424 558 487 caqffe'omnia
590 430 701 485 apud
733 443 867 471 unum
888 426 1109 470 Catullum
1139 428 1305 469 extant.
1358 423 1473 468 Nam
1503 424 1615 481 quod
1636 424 1754 469 facili

250 502 425 560 negotio
465 501 672 544 removeri
712 502 855 556 potest
868 532 879 552 ‚
927 499 969 541 id
1006 498 1198 554 profecto
1243 512 1328 542 non
1377 498 1622 554 argumenti
1659 496 1753 540 loco

253 574 408 618 habere
439 573 554 616 licet.
603 572 831 615 Praeterea
862 586 948 615 uno
979 571 1152 613 tantum
1183 570 1274 613 loco
1297 570 1398 622 973
1420 568 1589 612 concedi
1610 570 1753 624 potest

183 683 186 685 .
250 645 343 691 aine
379 646 494 690 omni
532 644 762 687 offensione
799 658 877 700 pro
918 651 1053 685 utrum
1092 641 1219 684 scribi
1251 649 1456 692 utrumne;
1503 643 1558 683 mi
1589 638 1752 692 68‚158

251 719 308 762 ab
338 717 530 774 Hauptio
570 718 778 760 insertum
815 715 1028 759 sententia
1060 728 1146 756 nou
1178 715 1430 769 requiritur,
1471 713 1647 756 elisione
1676 711 1754 755 illa

252 805 362 848 quae
393 792 458 832 est
496 790 609 832 inter
642 792 695 831 mi
726 792 770 831 et
802 790 939 832 omnia
970 801 1055 829 non
1087 800 1190 828 sane
1221 784 1563 835 commendatur,
1603 799 1754 840 quam·

252 877 383 920 quam
428 862 518 904 eius
563 861 732 918 generis
778 859 970 915 exempla
1018 857 1129 913 apud
1170 856 1389 900 Catullum
1433 858 1663 900 occurrunt
1699 856 1752 899 cf.

253 934 417 991 Haupt.
450 934 614 977 observ,
647 933 742 975 crit.
773 948 815 988 p.
854 932 906 974 18
940 931 1055 986 (opp.
1090 929 1111 971 I
1141 944 1182 984 p.
1217 929 1316 984 90);
1356 928 1538 983 denique
1569 928 1613 970 id
1643 929 1753 984 quod

252 1021 306 1050 ne
337 1005 579 1061 Hauptium
608 1004 778 1059 quidem
810 1003 937 1060 fugit,
980 1004 1029 1046 de
1060 1005 1154 1044 toto
1186 1001 1266 1044 hoc
1294 1015 1420 1043 versu
1450 999 1754 1043 conformando

253 1077 467 1122 dubitatio
514 1090 733 1131 nunquam
781 1075 978 1126 tolletur,
1026 1073 1108 1116 nisi
1154 1088 1251 1116 eum
1290 1087 1479 1123 versum,
1523 1072 1598 1127 qui
1642 1071 1755 1114 hunc

252 1148 483 1206 praecedit,
498 1148 708 1204 corrigere
723 1150 851 1190 antea
867 1145 1098 1202 contigerit
1116 1144 1186 1201 (cf.
1206 1143 1370 1199 Haupt.
1387 1158 1484 1199 opp.
1504 1142 1547 1186 Π
1562 1158 1605 1199 p.
1631 1142 1754 1200 125);

252 1236 331 1265 nec
369 1221 434 1264 ita
464 1219 699 1276 probabilis
737 1221 802 1262 est
834 1218 1089 1267 emendatio,
1122 1231 1206 1272 qua
1235 1217 1323 1258 iam
1354 1214 1593 1258 Politianus
1623 1214 1755 1268 66‚48

251 1307 332 1351 pro
372 1292 594 1347 Chalybum
635 1291 806 1346 scripsit
840 1291 1068 1345 Chalybon,
1116 1303 1217 1331 nam
1258 1288 1302 1330 in
1341 1288 1540 1344 genetivo
1570 1285 1751 1342 pluralis

251 1363 547 1409 declinationis
594 1378 702 1418 quae
751 1363 934 1405 habetur
982 1361 1136 1404 tertiae
1183 1359 1430 1403 terminatio
1468 1357 1630 1400 Graeca
1667 1356 1756 1400 fere

252 1450 337 1480 non
376 1436 458 1478 nisi
496 1435 543 1478 in
573 1435 714 1477 titulis
746 1434 954 1477 librorum
985 1435 1234 1489 usurpatur.
1296 1429 1413 1480 Quae
1445 1444 1543 1472 cum
1572 1429 1638 1473 ita
1666 1429 1754 1472 sint

252 1522 391 1564 neque
423 1507 568 1560 66,48.
611 1505 785 1558 68‚158.
833 1507 934 1558 97,2
966 1505 1175 1549 traditam
1205 1503 1464 1558 scripturam
1494 1500 1756 1544 mutabimus

253 1594 390 1636 neque
421 1580 526 1631 erit,
570 1594 644 1622 cur
684 1579 816 1631 76,10
846 1582 890 1621 et
922 1578 1036 1632 99‚8‚
1070 1577 1223 1633 quibus
1269 1573 1373 1617 locis
1419 1573 1520 1617 libri
1558 1574 1675 1616 inter
1712 1588 1756 1618 se

254 1651 526 1705 dissentiunt,
558 1666 651 1695 eam
684 1651 942 1706 scripturam
963 1648 1253 1704 praeferamus
1276 1662 1361 1703 qua
1383 1645 1526 1688 hiatus
1549 1646 1755 1697 evitetur;

253 1723 326 1767 sed
364 1724 507 1780 potius
546 1723 730 1767 alteram
768 1723 891 1765 illam
929 1723 1111 1776 utroque
1150 1720 1242 1762 loco
1280 1733 1424 1762 veram
1463 1732 1551 1761 esse
1582 1717 1756 1774 putabi-

253 1809 370 1846 mus3
417 1796 461 1837 in
500 1795 540 1838 D
579 1798 743 1846 autem,
784 1794 903 1837 cuius
942 1807 994 1835 ex
1034 1793 1262 1835 verborum
1292 1791 1440 1834 ordine
1471 1789 1640 1833 hiatum
1671 1803 1754 1832 non

255 1867 475 1920 habemus,
507 1867 637 1910 verba
669 1867 813 1910 hiatus
845 1864 1089 1908 removendi
1120 1879 1248 1908 causa
1279 1862 1543 1919 transposita
1574 1875 1678 1905 esse.

375 1939 503 1991 107,1

470 2013 517 2054 Si
547 2013 808 2067 quicquam
842 2011 990 2063 cupido
1022 2011 1259 2064 optantique
1290 2009 1431 2062 obuy-'e
1461 2019 1666 2061 umquam,

376 2083 458 2126 Pro
504 2083 580 2126 illo
625 2085 855 2138 quicquam,
889 2080 1001 2136 quod
1047 2082 1094 2124 in
1132 2081 1171 2123 D
1211 2079 1420 2124 traditum
1452 2077 1757 2121 Lachmannus

255 2170 403 2200 verum
440 2155 644 2212 putabat,
683 2154 838 2209 reliqui
877 2156 1048 2196 tantum
1085 2168 1172 2196 non
1210 2166 1354 2195 omnes
1393 2149 1597 2193 exhibent
1636 2151 1757 2204 quic-

257 2230 367 2286 quid.
400 2226 549 2282 Neque
580 2240 679 2269 vero
709 2225 791 2268 hoc
822 2226 914 2268 loco
945 2231 1094 2281 aptum
1127 2225 1296 2268 videtur
1325 2227 1362 2267 si
1392 2224 1625 2278 quicquam,
1660 2235 1757 2264 cum

255 2300 424 2345 dativus
457 2302 522 2341 cui
552 2298 695 2354 potius
725 2298 983 2352 requiratur.
1032 2296 1082 2340 Id
1114 2299 1230 2339 recte
1261 2294 1391 2337 sensit
1422 2291 1682 2336 Ribbeckius
1714 2296 1759 2335 et

257 2372 477 2417 Catullum
508 2373 545 2414 si
573 2373 669 2425 quoi
690 2371 788 2426 quid
809 2368 1023 2424 scripsisse
1045 2367 1237 2419 coniecit,
1270 2380 1400 2421 quam
1421 2364 1759 2408 emendationem

257 2445 404 2501 aliqua
450 2458 505 2486 ex
550 2444 675 2498 parte
719 2443 867 2483 tuetur
906 2440 1060 2483 codicis
1100 2439 1135 2483 Ο
1175 2439 1388 2494 scriptura
1434 2439 1471 2479 si
1507 2438 1606 2492 quid
1646 2439 1758 2492 quid.

261 2516 375 2560 Illud
407 2519 624 2573 quicquam
657 2515 798 2556 autem
831 2512 956 2554 facile
988 2527 1014 2555 a
1044 2512 1221 2555 librario
1253 2510 1356 2554 oriri
1387 2511 1577 2565 poterat,
1616 2509 1684 2552 cui
1715 2509 1759 2551 in

262 2586 467 2632 memoria
498 2588 622 2630 erant
652 2584 839 2628 carmina
872 2584 928 2627 96
961 2588 1005 2626 et
1039 2585 1137 2637 102,
1176 2597 1284 2640 quae
1317 2582 1370 2626 ab
1402 2581 1629 2625 enunciato
1657 2594 1760 2624 con-

171 2707 174 2709 *
261 2658 462 2704 dicionali
495 2657 694 2701 similiter
724 2656 987 2699 conformato
1019 2656 1246 2712 incipiunt.

381 2729 507 2782 108‚1

474 2803 543 2844 Sic
573 2803 724 2844 homini
751 2802 984 2857 populari
1015 2802 1187 2844 arbitrio
1220 2806 1290 2841 lua
1325 2812 1432 2841 cana
1463 2803 1662 2849 senectus,
