1950 3256
995 231 1023 272 9

382 346 522 392 Valde
544 346 740 392 Catullus
772 347 852 391 hoc
882 363 1016 405 genus
1042 349 1208 393 dicendi
1238 348 1468 401 adamavit,
1501 363 1585 404 quo
1615 350 1665 391 ut
1696 349 1758 391 ita

263 419 403 465 dicuin
431 419 613 476 gradum
645 419 953 476 superlativum
970 421 1095 464 simul
1117 420 1425 465 circumscribit
1445 423 1490 464 et
1521 424 1673 478 auget;
1703 420 1757 464 cf.

384 491 457 544 22,
495 491 548 534 13

1258 579 1407 608 scurra

478 635 561 678 Aut
589 637 725 691 siquid
754 638 835 679 hac
864 651 910 679 re
940 639 1075 680 tritius
1105 637 1332 679 videbatur.

385 706 517 760 23,13

1121 793 1249 822 cornu

480 852 560 894 Aut
590 855 727 909 siquid
755 855 887 908 maqis
917 853 1079 895 aridum
1111 858 1183 894 est.

386 921 489 975 82‚2

1093 997 1231 1038 oculos
1252 1029 1263 1039 .
1289 1027 1298 1037 .
1324 1026 1334 1036 .

480 1067 563 1110 Aut
595 1069 711 1110 aliud
738 1069 875 1124 siquid
905 1069 1044 1110 carius
1074 1073 1132 1110 est
1164 1068 1303 1109 oculis.

267 1152 348 1182 nec
391 1153 478 1182 non
530 1139 659 1192 13‚10
706 1143 750 1182 et
787 1139 903 1191 824.
980 1139 1043 1182 Eo
1083 1141 1227 1181 autem
1265 1137 1315 1180 de
1362 1151 1446 1193 quo
1493 1135 1641 1192 agitur
1672 1134 1764 1178 loco

266 1210 370 1255 libri
402 1209 440 1254 G
471 1214 516 1254 et
547 1210 583 1254 O
614 1226 700 1254 non
730 1219 863 1266 polest
895 1211 967 1254 sed
997 1218 1113 1267 potes
1142 1210 1370 1266 praebent:

481 1284 563 1326 Aue
593 1286 630 1326 si
658 1286 858 1339 perditius
887 1290 1031 1338 potes
1062 1284 1160 1338 quid
1190 1297 1277 1325 esse

268 1369 447 1412 eamque
499 1355 756 1411 scripturam
803 1355 1088 1398 Baehrensius
1131 1354 1242 1396 mira
1291 1352 1436 1396 iudicii
1486 1351 1767 1408 perversitate

268 1428 482 1485 probavit.
544 1426 654 1478 Quid
686 1427 799 1470 enim
830 1427 912 1470 hoc
943 1430 1008 1470 est
1040 1430 1178 1478 lutum,
1218 1429 1413 1481 lupanar,
1448 1426 1766 1480 perditissimum

270 1501 381 1557 quod
410 1515 498 1543 esse
526 1501 674 1556 potes?
706 1499 915 1543 Convieiis
945 1503 1073 1557 poeta
1094 1498 1286 1542 Clodiam
1308 1497 1513 1540 cumulat.
1559 1494 1641 1539 Sed
1665 1510 1763 1538 num

268 1572 351 1616 hoe
395 1574 462 1614 est
504 1571 741 1616 convicium
785 1574 1103 1627 perditissimum
1151 1572 1260 1627 quod
1305 1585 1392 1613 esse
1436 1569 1580 1624 poles?
1643 1566 1767 1610 Certe

270 1643 469 1688 dubitare
499 1644 614 1687 licet.
667 1643 781 1687 Num
813 1643 895 1687 hoc
925 1643 1096 1686 omuino
1128 1645 1270 1698 potest
1291 1641 1518 1698 intellegi?
1565 1639 1675 1681 Mihi
1697 1639 1770 1681 vix

270 1715 453 1759 videtur.
499 1715 637 1766 Quam
669 1714 819 1758 acerbe
849 1718 1000 1758 contra
1028 1717 1072 1757 et
1094 1713 1256 1758 Catulli
1277 1713 1450 1770 ingenio
1470 1712 1769 1755 convenienter

269 1787 377 1831 illud
408 1787 566 1830 dicitur
596 1789 736 1838 lutum,
768 1789 962 1842 lupanar,
995 1794 1067 1829 aut
1096 1790 1133 1830 si
1163 1788 1363 1841 perditius
1387 1792 1520 1840 polest
1549 1786 1647 1839 qnid
1667 1798 1768 1834 esse,

271 1859 299 1904 i.
346 1874 383 1904 e.
431 1862 578 1910 lutum,
632 1860 835 1914 lupanar,
889 1861 1204 1914 perditissimum
1259 1859 1367 1913 quod
1412 1859 1587 1899 omnium
1634 1870 1770 1897 rerum

269 1947 358 1976 esse
386 1932 548 1988 polest?

393 2004 524 2057 66‚83
555 2004 601 2046 in
632 2001 898 2047 Lachmanni
930 2002 1116 2046 editione
1147 2002 1216 2045 hic
1248 2005 1334 2045 est:

490 2077 627 2118 Vester
658 2089 783 2130 onyx,
816 2082 930 2118 casto
960 2078 1146 2130 petitis
1178 2089 1284 2129 quae
1314 2077 1408 2115 iura
1441 2074 1573 2116 cubili.

391 2146 475 2189 Pro
503 2150 662 2201 petitis,
702 2146 815 2202 quod
848 2146 886 2188 D
919 2148 1126 2198 traditur,
1169 2145 1452 2188 Baehrensius
1490 2147 1619 2187 colitis
1651 2158 1702 2186 ex
1733 2141 1771 2184 G

274 2221 320 2262 et
349 2217 388 2262 O
418 2218 462 2260 in
495 2221 661 2271 textum
699 2218 879 2274 recepit;
927 2220 1058 2261 colitis
1088 2216 1363 2260 Lachmanno
1400 2219 1548 2259 notum
1589 2218 1683 2259 erat
1720 2231 1771 2258 ex

274 2291 470 2347 margine
497 2290 651 2334 codicis
674 2289 721 2342 L,
754 2291 873 2333 cuius
896 2292 1039 2332 textus
1061 2291 1259 2344 quaeritis
1279 2289 1467 2344 praebet.
1518 2291 1620 2331 Iura
1642 2291 1773 2331 colere

274 2362 483 2418 siquidem
513 2361 668 2405 Latine
698 2362 780 2405 (lici
811 2365 967 2417 potest,
1000 2361 1109 2416 quod
1134 2360 1240 2402 mihi
1261 2375 1346 2403 non
1368 2362 1483 2403 omni
1506 2360 1772 2403 dubitatione

274 2434 442 2478 videtur
494 2449 659 2486 carere,
713 2437 828 2477 certe
875 2435 927 2477 ad
974 2434 1224 2476 consuetam
1273 2433 1621 2476 exercitationem
1669 2431 1772 2474 iuris

274 2505 514 2563 coniugalis
535 2508 698 2562 spectet
720 2520 886 2548 necesse
908 2507 993 2554 est;
1015 2503 1161 2559 itaque
1182 2508 1276 2547 iura
1299 2506 1431 2548 colere
1452 2507 1553 2560 apte
1575 2503 1774 2546 dicuntur

276 2579 500 2620 matronae
530 2580 701 2620 tantum
733 2578 802 2620 vel
834 2576 1031 2619 mulieres
1056 2576 1140 2618 iam
1163 2577 1337 2632 aliquod
1360 2576 1563 2632 temporis
1586 2575 1772 2630 spatium

273 2664 370 2694 cum
410 2649 578 2692 maritis
616 2649 880 2693 coniunctae.
944 2647 1074 2691 Coma
1106 2651 1249 2691 autem
1285 2648 1505 2692 Berenices
1536 2646 1772 2702 alloquitur

274 2721 462 2780 virgines
494 2722 698 2777 innuptas
729 2723 1089 2777 praeceptumque
1111 2721 1171 2762 eis
1193 2720 1268 2764 dat
1290 2721 1388 2764 inde
1410 2721 1464 2763 ab
1488 2733 1536 2763 eo
1558 2720 1773 2761 momento

275 2808 360 2850 quo
408 2794 575 2837 nubant
617 2792 939 2837 observandum.
1009 2791 1106 2835 Non
1153 2797 1325 2848 poterat
1366 2793 1500 2850 igitur
1539 2794 1666 2846 poeta
1704 2803 1773 2832 eas

275 2865 494 2921 appellare
526 2872 640 2908 caseo
672 2867 804 2908 colitis
835 2879 940 2920 quae
971 2867 1064 2906 iura
1099 2865 1240 2914 cubili,
1282 2862 1352 2905 sed
1383 2863 1417 2904 si
1450 2862 1613 2905 colendi
1646 2861 1774 2903 verbo
