1950 3256
908 142 967 186 24

192 264 412 307 Catullum
446 263 589 315 fuisse,
629 265 678 304 ut
711 263 870 304 crimen
903 261 1099 305 fallaciae
1131 264 1175 303 et
1206 262 1408 317 perfidiae
1440 261 1569 305 etiam
1600 261 1691 305 ioco

189 336 406 393 prolatum
437 335 725 378 rusticitatem
760 335 984 387 redoleret,
1017 348 1070 376 ex
1091 334 1183 390 ipso
1204 333 1283 377 hoc
1305 334 1490 377 carmine
1511 349 1692 392 cognos-

189 409 312 451 citur.
366 407 515 463 Neque
548 406 703 451 Calvus
736 410 958 463 poetarum
991 407 1267 463 pessimorum
1297 407 1487 450 earmina
1519 409 1610 449 tam
1641 422 1690 450 eo

188 479 363 522 consilio
402 478 573 521 Catullo
611 479 748 531 misit,
788 482 838 521 ut
877 494 973 521 eum
1012 479 1199 531 luderet,
1239 494 1366 534 quam
1406 481 1456 522 ut
1487 479 1620 521 risum
1653 480 1692 522 ei

195 553 382 593 moveret
414 553 589 607 accepto
621 551 768 594 libello
800 565 905 607 opus
938 551 1079 594 neseio
1110 550 1223 605 quod
1244 565 1448 608 magnum
1471 554 1515 594 et
1536 566 1692 594 novum

188 623 454 679 expectanti,
508 625 657 679 aperto
712 623 861 666 deinde
915 622 1153 666 invenienti
1203 625 1449 680 contempta
1502 623 1692 667 carmina

188 697 412 752 poetarum
457 695 650 747 illorum,
698 710 877 751 quorum
918 695 1260 738 imbecillitatem
1306 697 1392 740 iam
1433 710 1558 752 saepe
1596 704 1692 739 cum

191 766 321 810 Calvo
354 766 520 810 riserat.
585 766 679 809 Non
719 769 809 823 ipse
841 768 977 824 igitur
1010 767 1227 819 Catullus,
1268 768 1340 810 sed
1369 768 1511 823 potius
1541 770 1694 824 poetae

190 839 292 882 mali
323 839 414 881 ioco
438 837 557 881 Calvi
591 840 844 895 tanguntur.
896 838 1057 882 Contra
1084 843 1236 883 salsum
1260 839 1453 883 Catullus
1476 840 1694 896 aptissime

192 910 368 954 Calvum
402 911 622 966 appellare
654 913 850 967 poterat3
883 912 1018 955 salsus
1051 912 1162 954 enim
1195 915 1260 955 est
1291 912 1340 963 is,
1373 912 1447 968 qui
1478 911 1620 969 lepide
1651 914 1696 956 et

189 984 325 1027 facete
367 983 497 1025 iocari
537 982 637 1034 scit;
681 998 817 1039 neque
858 985 994 1027 solum
1026 985 1077 1027 de
1108 985 1245 1028 facete
1277 985 1401 1028 dictis
1432 985 1474 1028 id
1505 984 1694 1042 ponitur,

190 1056 263 1098 sed
296 1056 426 1099 etiam
459 1055 510 1097 de
539 1056 665 1098 rebus
686 1056 827 1111 lepido
850 1058 939 1099 ioco
962 1057 1101 1108 factis,
1135 1058 1187 1102 cf.
1210 1058 1379 1101 initium
1401 1057 1600 1100 carminis
1625 1059 1694 1103 12.

309 1127 503 1183 Denique
541 1128 587 1170 in
627 1127 712 1169 fine
753 1127 879 1171 huius
912 1129 1050 1185 partis
1083 1143 1292 1172 summam
1323 1129 1470 1185 paucis
1502 1144 1694 1186 compre·

189 1199 435 1242 hendamus.
500 1199 691 1242 Primum
733 1201 847 1243 locos
887 1202 1043 1259 viginti
1084 1203 1171 1244 tres
1212 1202 1485 1254 contulimus,
1518 1201 1694 1257 quibus,

188 1286 284 1315 cum
306 1272 346 1314 D
379 1273 423 1313 et
444 1271 478 1313 L
506 1271 620 1315 vitiis
652 1272 803 1315 infecti
835 1273 935 1326 sint,
969 1272 1005 1315 G
1038 1275 1114 1317 aut
1147 1287 1294 1315 verum
1326 1273 1464 1329 ipsum
1496 1274 1697 1317 exhibeat

189 1347 266 1388 aut
303 1346 406 1388 satis
448 1359 581 1401 prope
620 1361 644 1387 a
686 1359 787 1387 vero
827 1345 953 1388 absit.
1024 1345 1092 1388 Ad
1131 1346 1207 1388 hos
1237 1348 1460 1402 praeterea
1492 1347 1698 1389 accedunt

189 1417 428 1461 duodecim:
461 1420 570 1470 octo,
603 1432 708 1472 quos
740 1433 781 1473 p.
818 1418 993 1460 17-19
1026 1420 1069 1461 et
1102 1420 1322 1473 quattuor,
1354 1433 1458 1473 quos
1489 1434 1531 1475 p.
1554 1419 1613 1462 23
1635 1435 1696 1476 sq.

191 1490 271 1533 huc
302 1490 521 1546 pertinere
543 1489 851 1544 perspeximus,
898 1490 1059 1541 Quibus
1091 1490 1192 1534 locis
1220 1505 1480 1546 quamquam
1502 1492 1698 1535 omnibus

192 1577 339 1605 verum
362 1563 446 1605 iam
472 1565 705 1616 antequam
734 1562 865 1604 codex
887 1561 923 1604 G
956 1562 1001 1605 in
1023 1563 1160 1606 lucem
1182 1563 1374 1619 prodiret
1396 1579 1420 1606 a
1443 1563 1545 1607 viris
1565 1564 1699 1608 doctis

191 1634 411 1676 inventum
448 1636 542 1676 erat
564 1636 608 1675 et
630 1633 757 1689 longe
779 1634 976 1690 plurimis
999 1634 1043 1677 in
1065 1634 1331 1678 Lachmanni
1353 1636 1477 1678 textu
1499 1635 1697 1689 habetur,

188 1708 335 1749 tamen
382 1705 535 1748 codicis
574 1705 611 1747 G
655 1705 864 1748 auxilium
913 1707 1197 1763 spernendum
1235 1721 1321 1750 non
1359 1710 1444 1760 est,
1484 1723 1581 1751 cum
1617 1708 1699 1752 ali-

188 1779 354 1834 quoties
386 1778 674 1830 coniecturae,
715 1793 823 1833 quae
863 1778 1053 1834 alioquin
1086 1779 1190 1821 satis
1223 1779 1377 1822 dubiae
1411 1779 1543 1823 videri
1575 1782 1699 1836 pote-

189 1851 309 1901 rant,
349 1863 461 1891 nunc
493 1849 594 1891 libri
624 1850 773 1906 scripti
813 1850 1073 1894 auctoritate
1104 1851 1315 1894 nitantur.
1377 1850 1444 1894 Ex
1474 1852 1703 1908 scripturis·

188 1921 427 1977 duplicibus
467 1921 510 1963 id
548 1923 757 1965 commodi
788 1921 1085 1976 nanciscimur,
1125 1924 1174 1965 ut
1207 1922 1438 1979 imaginem
1471 1924 1624 1967 codicis
1657 1923 1695 1966 V

193 1993 335 2036 animo
367 1993 599 2037 informare
631 1994 861 2051 possimus3
901 1993 955 2037 ad
987 1994 1296 2038 emendandum
1330 1998 1497 2038 textum
1530 1997 1700 2052 paucis-

189 2065 306 2107 simis
348 2066 450 2108 locis
489 2066 652 2122 aliquid
683 2066 743 2109 eis
773 2065 1032 2122 proficimuS,
1065 2069 1284 2122 quattuor,
1317 2068 1472 2123 quibus
1503 2069 1699 2111 omnibus

188 2139 275 2182 iam
327 2141 456 2181 antea
510 2130 655 2181 ⁴verum
708 2140 928 2194 repertum
981 2140 1086 2182 erat.
1165 2138 1258 2183 Iam
1306 2154 1566 2196 quamquam
1612 2156 1699 2184 non

188 2211 346 2254 iniuria
377 2225 453 2253 nec
486 2211 576 2254 sine
609 2211 754 2254 fructu
788 2210 972 2253 codicem
996 2209 1034 2253 G
1065 2210 1111 2253 in
1142 2212 1328 2255 medium
1360 2213 1578 2268 prolatum
1611 2228 1699 2258 esse

190 2285 395 2340 apparet,
444 2286 591 2326 tamen
631 2283 865 2326 cavendum
906 2285 990 2336 est,
1038 2298 1092 2326 ne
1132 2283 1310 2326 nimium
1350 2285 1622 2328 auctoritatis
1660 2287 1700 2329 ei

189 2355 432 2407 tribuatur3
475 2355 657 2398 vidimus
705 2354 818 2397 enim
865 2369 917 2397 ex
964 2355 1296 2399 correctionibus
1348 2356 1437 2398 eius
1488 2356 1599 2400 nihil
1646 2358 1700 2405 ad

191 2426 501 2470 restituendam
532 2430 684 2483 poetae
717 2442 892 2470 manum
924 2427 1174 2481 redundare,
1208 2428 1337 2472 immo
1359 2429 1514 2472 bonam
1534 2429 1699 2485 primae

189 2513 338 2542 manus
372 2500 628 2555 scripturam
659 2499 875 2542 interdum
908 2499 1207 2544 oblitteratam
1239 2515 1351 2552 esse3
1387 2500 1568 2543 vidimus
1600 2516 1697 2543 eum

188 2570 399 2614 scribendi
436 2572 650 2614 erroribus
689 2572 895 2615 infectum
944 2586 1052 2625 esse,
1101 2573 1255 2628 quibus
1295 2572 1559 2616 Lachmanni
1598 2572 1698 2615 libri

190 2646 363 2695 carent3
405 2644 586 2687 vidimus
618 2644 818 2700 denique,
858 2644 899 2688 id
932 2646 1043 2701 quod
1076 2646 1371 2702 gravissimum
1419 2647 1502 2697 est,
1556 2659 1699 2687 errare

189 2729 285 2767 eOS,
334 2715 407 2771 qui
454 2717 615 2759 ceteros
665 2716 796 2758 libros
844 2732 987 2760 omnes
1036 2732 1087 2760 ex
1126 2732 1174 2760 eo
1221 2717 1391 2761 fluxisse
1430 2731 1583 2772 eosque
1614 2716 1698 2759 iam

187 2787 314 2830 nobis
349 2787 589 2831 abiciendos
621 2802 710 2830 esse
742 2792 929 2832 censent.
