<?xml version="1.0" encoding="UTF-8"?>
<!DOCTYPE html PUBLIC "-//W3C//DTD XHTML 1.0 Transitional//EN"
    "http://www.w3.org/TR/xhtml1/DTD/xhtml1-transitional.dtd">
<html xmlns="http://www.w3.org/1999/xhtml" xml:lang="en" lang="en">
 <head>
  <title>
</title>
<meta http-equiv="Content-Type" content="text/html;charset=utf-8" />
  <meta name='ocr-system' content='tesseract 3.04.00' />
  <meta name='ocr-capabilities' content='ocr_page ocr_carea ocr_par ocr_line ocrx_word'/>
</head>
<body>
  <div class='ocr_page' id='page_1' title='image "./derecensendiscat00sydouoft_0037.png"; bbox 0 0 1950 3256; ppageno 0'>
   <div class='ocr_carea' id='block_1_1' title="bbox 0 643 15 1003">
    <p class='ocr_par' dir='ltr' id='par_1_1' title="bbox 0 643 15 1003">
     <span class='ocr_line' id='line_1_1' title="bbox 0 643 15 1003; textangle 90"><span class='ocrx_word' id='word_1_1' title='bbox 0 919 13 1003; x_wconf 45' lang='lat' dir='ltr'><strong>&#39;arv</strong></span> <span class='ocrx_word' id='word_1_2' title='bbox 0 805 15 898; x_wconf 55' lang='lat' dir='ltr'><strong>»aar</strong></span> <span class='ocrx_word' id='word_1_3' title='bbox 0 767 10 789; x_wconf 75' lang='lat'><strong>-·</strong></span> <span class='ocrx_word' id='word_1_4' title='bbox 0 643 13 752; x_wconf 59' lang='lat' dir='ltr'><strong>nuc-¹&lt;</strong></span> 
     </span>
    </p>
   </div>
   <div class='ocr_carea' id='block_1_2' title="bbox 0 2471 35 2647">
    <p class='ocr_par' dir='ltr' id='par_1_2' title="bbox 0 2471 35 2647">
     <span class='ocr_line' id='line_1_2' title="bbox 0 2471 35 2647; textangle 90"><span class='ocrx_word' id='word_1_5' title='bbox 7 2525 35 2647; x_wconf 48' lang='lat' dir='ltr'><strong>nvn-</strong></span> <span class='ocrx_word' id='word_1_6' title='bbox 0 2471 7 2483; x_wconf 80' lang='grc'><strong>”’</strong></span> 
     </span>
    </p>
   </div>
   <div class='ocr_carea' id='block_1_3' title="bbox 991 218 1044 261">
    <p class='ocr_par' dir='ltr' id='par_1_3' title="bbox 991 218 1044 261">
     <span class='ocr_line' id='line_1_3' title="bbox 991 218 1044 261; baseline -0.019 0"><span class='ocrx_word' id='word_1_7' title='bbox 991 218 1044 261; x_wconf 86' lang='grc'><strong>31</strong></span> 
     </span>
    </p>
   </div>
   <div class='ocr_carea' id='block_1_4' title="bbox 270 349 1769 547">
    <p class='ocr_par' dir='ltr' id='par_1_4' title="bbox 270 349 1769 547">
     <span class='ocr_line' id='line_1_4' title="bbox 271 349 1769 404; baseline -0.002 -9"><span class='ocrx_word' id='word_1_8' title='bbox 271 351 446 404; x_wconf 84' lang='grc'><strong>61,102.</strong></span> <span class='ocrx_word' id='word_1_9' title='bbox 479 351 654 403; x_wconf 82' lang='lat'>64‚105.</span> <span class='ocrx_word' id='word_1_10' title='bbox 705 351 755 394; x_wconf 88' lang='lat' dir='ltr'><strong>In</strong></span> <span class='ocrx_word' id='word_1_11' title='bbox 788 349 939 394; x_wconf 87' lang='lat' dir='ltr'><strong>ceteris</strong></span> <span class='ocrx_word' id='word_1_12' title='bbox 970 349 1092 392; x_wconf 86' lang='lat' dir='ltr'><strong>libris</strong></span> <span class='ocrx_word' id='word_1_13' title='bbox 1123 362 1288 404; x_wconf 84' lang='lat' dir='ltr'><strong>semper</strong></span> <span class='ocrx_word' id='word_1_14' title='bbox 1321 350 1428 391; x_wconf 77' lang='lat' dir='ltr'><strong>velut</strong></span> <span class='ocrx_word' id='word_1_15' title='bbox 1455 352 1679 392; x_wconf 86' lang='lat' dir='ltr'><strong>exaratum</strong></span> <span class='ocrx_word' id='word_1_16' title='bbox 1702 354 1769 393; x_wconf 88' lang='lat' dir='ltr'><strong>est</strong></span> 
     </span>
     <span class='ocr_line' id='line_1_5' title="bbox 270 421 1181 480; baseline -0.001 -13"><span class='ocrx_word' id='word_1_17' title='bbox 270 423 558 480; x_wconf 62' lang='lat' dir='ltr'><strong>excepto‘hoc</strong></span> <span class='ocrx_word' id='word_1_18' title='bbox 589 438 673 466; x_wconf 86' lang='lat' dir='ltr'><strong>uno</strong></span> <span class='ocrx_word' id='word_1_19' title='bbox 703 423 755 466; x_wconf 89' lang='lat' dir='ltr'><strong>de</strong></span> <span class='ocrx_word' id='word_1_20' title='bbox 785 436 870 478; x_wconf 89' lang='lat' dir='ltr'><strong>quo</strong></span> <span class='ocrx_word' id='word_1_21' title='bbox 900 421 1046 480; x_wconf 81' lang='lat' dir='ltr'><strong>agitur</strong></span> <span class='ocrx_word' id='word_1_22' title='bbox 1075 421 1181 466; x_wconf 74' lang='lat' dir='ltr'><strong>loco,</strong></span> 
     </span>
     <span class='ocr_line' id='line_1_6' title="bbox 392 495 524 547; baseline 0 -9"><span class='ocrx_word' id='word_1_23' title='bbox 392 495 524 547; x_wconf 64' lang='lat'>1162</span> 
     </span>
    </p>
   </div>
   <div class='ocr_carea' id='block_1_5' title="bbox 487 566 1432 621">
    <p class='ocr_par' dir='ltr' id='par_1_5' title="bbox 487 566 1432 621">
     <span class='ocr_line' id='line_1_7' title="bbox 487 566 1432 621; baseline -0.003 -11"><span class='ocrx_word' id='word_1_24' title='bbox 487 568 682 610; x_wconf 78' lang='lat' dir='ltr'><strong>Carmina</strong></span> <span class='ocrx_word' id='word_1_25' title='bbox 713 569 772 608; x_wconf 71' lang='lat' dir='ltr'><strong>mi</strong></span> <span class='ocrx_word' id='word_1_26' title='bbox 801 580 961 621; x_wconf 77' lang='lat' dir='ltr'><strong>possem</strong></span> <span class='ocrx_word' id='word_1_27' title='bbox 993 567 1150 606; x_wconf 75' lang='lat' dir='ltr'><strong>minere</strong></span> <span class='ocrx_word' id='word_1_28' title='bbox 1183 566 1432 608; x_wconf 72' lang='lat' dir='ltr'><strong><em>Battiadae</em></strong></span> 
     </span>
    </p>
   </div>
   <div class='ocr_carea' id='block_1_6' title="bbox 271 645 1781 2671">
    <p class='ocr_par' dir='ltr' id='par_1_6' title="bbox 271 645 1771 874">
     <span class='ocr_line' id='line_1_8' title="bbox 391 645 1771 731; baseline 0 -14"><span class='ocrx_word' id='word_1_29' title='bbox 391 674 440 717; x_wconf 86' lang='lat' dir='ltr'><strong>In</strong></span> <span class='ocrx_word' id='word_1_30' title='bbox 465 675 501 718; x_wconf 93' lang='grc' dir='ltr'><strong>Ο</strong></span> <span class='ocrx_word' id='word_1_31' title='bbox 522 675 730 730; x_wconf 81' lang='lat' dir='ltr'><strong>scriptum</strong></span> <span class='ocrx_word' id='word_1_32' title='bbox 753 677 818 718; x_wconf 84' lang='lat' dir='ltr'><strong>est</strong></span> <span class='ocrx_word' id='word_1_33' title='bbox 839 645 1013 725; x_wconf 50' lang='lat' dir='ltr'><strong>hainae,</strong></span> <span class='ocrx_word' id='word_1_34' title='bbox 1045 673 1170 728; x_wconf 85' lang='lat' dir='ltr'><strong>quod,</strong></span> <span class='ocrx_word' id='word_1_35' title='bbox 1202 673 1238 715; x_wconf 88' lang='lat' dir='ltr'><strong>si</strong></span> <span class='ocrx_word' id='word_1_36' title='bbox 1260 671 1560 731; x_wconf 82' lang='lat' dir='ltr'><strong>Baehrensio*)</strong></span> <span class='ocrx_word' id='word_1_37' title='bbox 1582 673 1699 726; x_wconf 79' lang='lat' dir='ltr'><strong>fides,</strong></span> <span class='ocrx_word' id='word_1_38' title='bbox 1726 679 1771 717; x_wconf 86' lang='lat' dir='ltr'><strong>et</strong></span> 
     </span>
     <span class='ocr_line' id='line_1_9' title="bbox 273 744 1768 801; baseline -0.001 -10"><span class='ocrx_word' id='word_1_39' title='bbox 273 749 480 791; x_wconf 75' lang='lat' dir='ltr'><strong>Baliadae</strong></span> <span class='ocrx_word' id='word_1_40' title='bbox 524 751 567 790; x_wconf 87' lang='lat' dir='ltr'><strong>et</strong></span> <span class='ocrx_word' id='word_1_41' title='bbox 617 748 845 789; x_wconf 69' lang='lat' dir='ltr'><strong>Bait-iudae</strong></span> <span class='ocrx_word' id='word_1_42' title='bbox 888 761 979 789; x_wconf 88' lang='lat' dir='ltr'><strong>esse</strong></span> <span class='ocrx_word' id='word_1_43' title='bbox 1022 747 1178 801; x_wconf 74' lang='lat' dir='ltr'><strong>pot-est.</strong></span> <span class='ocrx_word' id='word_1_44' title='bbox 1252 744 1303 786; x_wconf 93' lang='lat' dir='ltr'><strong>In</strong></span> <span class='ocrx_word' id='word_1_45' title='bbox 1354 746 1507 788; x_wconf 88' lang='lat' dir='ltr'><strong>ceteris</strong></span> <span class='ocrx_word' id='word_1_46' title='bbox 1553 746 1768 789; x_wconf 80' lang='lat' dir='ltr'><strong>codicibus</strong></span> 
     </span>
     <span class='ocr_line' id='line_1_10' title="bbox 271 817 1444 874; baseline 0.001 -14"><span class='ocrx_word' id='word_1_47' title='bbox 271 819 520 874; x_wconf 90' lang='lat' dir='ltr'><strong>compendio</strong></span> <span class='ocrx_word' id='word_1_48' title='bbox 551 833 747 874; x_wconf 84' lang='lat' dir='ltr'><strong>perverse</strong></span> <span class='ocrx_word' id='word_1_49' title='bbox 777 818 992 874; x_wconf 85' lang='lat' dir='ltr'><strong>explicato</strong></span> <span class='ocrx_word' id='word_1_50' title='bbox 1023 817 1210 860; x_wconf 80' lang='lat' dir='ltr'><strong>habetur</strong></span> <span class='ocrx_word' id='word_1_51' title='bbox 1241 818 1444 862; x_wconf 73' lang='lat' dir='ltr'><strong>ban-iude.</strong></span> 
     </span>
    </p>

    <p class='ocr_par' dir='ltr' id='par_1_7' title="bbox 395 889 491 939">
     <span class='ocr_line' id='line_1_11' title="bbox 395 889 491 939; baseline 0 -8"><span class='ocrx_word' id='word_1_52' title='bbox 395 889 491 939; x_wconf 79' lang='lat'>71,1</span> 
     </span>
    </p>

    <p class='ocr_par' dir='ltr' id='par_1_8' title="bbox 277 960 1773 1088">
     <span class='ocr_line' id='line_1_12' title="bbox 394 960 1773 1016; baseline 0.002 -14"><span class='ocrx_word' id='word_1_53' title='bbox 394 960 476 1004; x_wconf 91' lang='lat' dir='ltr'><strong>Hic</strong></span> <span class='ocrx_word' id='word_1_54' title='bbox 512 976 656 1004; x_wconf 85' lang='lat' dir='ltr'><strong>versus</strong></span> <span class='ocrx_word' id='word_1_55' title='bbox 693 962 922 1004; x_wconf 86' lang='lat' dir='ltr'><strong>levioribus</strong></span> <span class='ocrx_word' id='word_1_56' title='bbox 959 961 1210 1016; x_wconf 83' lang='lat' dir='ltr'><strong>quibusdam</strong></span> <span class='ocrx_word' id='word_1_57' title='bbox 1247 960 1485 1015; x_wconf 73' lang='lat' dir='ltr'>scripturae</span> <span class='ocrx_word' id='word_1_58' title='bbox 1520 960 1773 1006; x_wconf 85' lang='lat' dir='ltr'><strong>differentiis</strong></span> 
     </span>
     <span class='ocr_line' id='line_1_13' title="bbox 277 1032 1212 1088; baseline -0.002 -12"><span class='ocrx_word' id='word_1_59' title='bbox 277 1034 440 1076; x_wconf 86' lang='lat' dir='ltr'><strong>omissis</strong></span> <span class='ocrx_word' id='word_1_60' title='bbox 471 1034 531 1076; x_wconf 86' lang='lat' dir='ltr'><strong>sic</strong></span> <span class='ocrx_word' id='word_1_61' title='bbox 562 1034 605 1075; x_wconf 92' lang='lat' dir='ltr'><strong>in</strong></span> <span class='ocrx_word' id='word_1_62' title='bbox 639 1033 759 1074; x_wconf 87' lang='lat' dir='ltr'><strong>libris</strong></span> <span class='ocrx_word' id='word_1_63' title='bbox 791 1036 966 1088; x_wconf 80' lang='lat' dir='ltr'><strong>praeter</strong></span> <span class='ocrx_word' id='word_1_64' title='bbox 998 1032 1034 1075; x_wconf 95' lang='grc' dir='ltr'><strong>Ο</strong></span> <span class='ocrx_word' id='word_1_65' title='bbox 1067 1035 1212 1075; x_wconf 83' lang='lat' dir='ltr'><strong>extat:</strong></span> 
     </span>
    </p>

    <p class='ocr_par' dir='ltr' id='par_1_9' title="bbox 275 1104 1774 1304">
     <span class='ocr_line' id='line_1_14' title="bbox 491 1104 1613 1160; baseline 0.001 -13"><span class='ocrx_word' id='word_1_66' title='bbox 491 1107 537 1147; x_wconf 67' lang='lat' dir='ltr'><strong>Sa·</strong></span> <span class='ocrx_word' id='word_1_67' title='bbox 568 1120 665 1160; x_wconf 81' lang='lat' dir='ltr'><strong>qua</strong></span> <span class='ocrx_word' id='word_1_68' title='bbox 696 1108 814 1147; x_wconf 76' lang='lat' dir='ltr'><strong>viro</strong></span> <span class='ocrx_word' id='word_1_69' title='bbox 845 1107 951 1147; x_wconf 81' lang='lat' dir='ltr'><strong>bono</strong></span> <span class='ocrx_word' id='word_1_70' title='bbox 980 1118 1248 1147; x_wconf 82' lang='lat' dir='ltr'><strong>sacrorum</strong></span> <span class='ocrx_word' id='word_1_71' title='bbox 1280 1104 1432 1146; x_wconf 76' lang='lat' dir='ltr'><strong>obstitit</strong></span> <span class='ocrx_word' id='word_1_72' title='bbox 1463 1106 1613 1148; x_wconf 77' lang='lat' dir='ltr'><strong>hircus.</strong></span> 
     </span>
     <span class='ocr_line' id='line_1_15' title="bbox 275 1174 1773 1233; baseline 0.001 -14"><span class='ocrx_word' id='word_1_73' title='bbox 275 1176 368 1227; x_wconf 81' lang='lat' dir='ltr'><strong>Qua</strong></span> <span class='ocrx_word' id='word_1_74' title='bbox 398 1191 450 1218; x_wconf 87' lang='lat' dir='ltr'><strong>ex</strong></span> <span class='ocrx_word' id='word_1_75' title='bbox 481 1177 694 1232; x_wconf 83' lang='lat' dir='ltr'><strong>scriptura</strong></span> <span class='ocrx_word' id='word_1_76' title='bbox 727 1175 943 1231; x_wconf 82' lang='lat' dir='ltr'><strong>Hauptius</strong></span> <span class='ocrx_word' id='word_1_77' title='bbox 973 1177 1019 1218; x_wconf 88' lang='lat' dir='ltr'><strong>in</strong></span> <span class='ocrx_word' id='word_1_78' title='bbox 1040 1177 1204 1231; x_wconf 86' lang='lat' dir='ltr'><strong>quaest.</strong></span> <span class='ocrx_word' id='word_1_79' title='bbox 1253 1174 1299 1218; x_wconf 84' lang='lat' dir='ltr'><strong>C.</strong></span> <span class='ocrx_word' id='word_1_80' title='bbox 1321 1190 1362 1230; x_wconf 89' lang='lat' dir='ltr'><strong>p.</strong></span> <span class='ocrx_word' id='word_1_81' title='bbox 1387 1175 1441 1217; x_wconf 87' lang='lat'><strong>91</strong></span> <span class='ocrx_word' id='word_1_82' title='bbox 1467 1175 1554 1232; x_wconf 89' lang='lat' dir='ltr'><strong>(op.</strong></span> <span class='ocrx_word' id='word_1_83' title='bbox 1578 1176 1610 1221; x_wconf 83' lang='lat' dir='ltr'><strong>I.</strong></span> <span class='ocrx_word' id='word_1_84' title='bbox 1634 1193 1673 1232; x_wconf 89' lang='lat' dir='ltr'><strong>p.</strong></span> <span class='ocrx_word' id='word_1_85' title='bbox 1697 1178 1773 1233; x_wconf 88' lang='lat'><strong>66)</strong></span> 
     </span>
     <span class='ocr_line' id='line_1_16' title="bbox 276 1247 1774 1304; baseline 0.002 -14"><span class='ocrx_word' id='word_1_86' title='bbox 276 1263 376 1290; x_wconf 85' lang='lat' dir='ltr'><strong>usus</strong></span> <span class='ocrx_word' id='word_1_87' title='bbox 390 1247 601 1291; x_wconf 86' lang='lat' dir='ltr'><strong>Italorum</strong></span> <span class='ocrx_word' id='word_1_88' title='bbox 619 1249 874 1291; x_wconf 85' lang='lat' dir='ltr'><strong>coniecturis</strong></span> <span class='ocrx_word' id='word_1_89' title='bbox 889 1263 1056 1290; x_wconf 87' lang='lat' dir='ltr'><strong>versum</strong></span> <span class='ocrx_word' id='word_1_90' title='bbox 1073 1248 1133 1290; x_wconf 89' lang='lat' dir='ltr'><strong>sic</strong></span> <span class='ocrx_word' id='word_1_91' title='bbox 1144 1247 1451 1290; x_wconf 81' lang='lat' dir='ltr'><strong>restituendum</strong></span> <span class='ocrx_word' id='word_1_92' title='bbox 1466 1263 1555 1290; x_wconf 88' lang='lat' dir='ltr'><strong>esse</strong></span> <span class='ocrx_word' id='word_1_93' title='bbox 1569 1251 1774 1304; x_wconf 80' lang='lat' dir='ltr'><strong>putabat:</strong></span> 
     </span>
    </p>

    <p class='ocr_par' dir='ltr' id='par_1_10' title="bbox 277 1321 1775 1663">
     <span class='ocr_line' id='line_1_17' title="bbox 490 1321 1631 1376; baseline 0.001 -14"><span class='ocrx_word' id='word_1_94' title='bbox 490 1323 535 1362; x_wconf 75' lang='lat' dir='ltr'><strong>Si</strong></span> <span class='ocrx_word' id='word_1_95' title='bbox 566 1325 662 1376; x_wconf 77' lang='lat' dir='ltr'><strong>quoi</strong></span> <span class='ocrx_word' id='word_1_96' title='bbox 692 1324 781 1363; x_wconf 77' lang='lat' dir='ltr'><strong>iure</strong></span> <span class='ocrx_word' id='word_1_97' title='bbox 813 1323 919 1363; x_wconf 86' lang='lat' dir='ltr'><strong>bono</strong></span> <span class='ocrx_word' id='word_1_98' title='bbox 949 1335 1071 1362; x_wconf 83' lang='lat' dir='ltr'><strong>sacer</strong></span> <span class='ocrx_word' id='word_1_99' title='bbox 1102 1322 1264 1361; x_wconf 77' lang='lat' dir='ltr'><strong>alarum</strong></span> <span class='ocrx_word' id='word_1_100' title='bbox 1296 1321 1448 1362; x_wconf 73' lang='lat' dir='ltr'><strong>obstitit</strong></span> <span class='ocrx_word' id='word_1_101' title='bbox 1479 1323 1631 1364; x_wconf 77' lang='lat' dir='ltr'><strong><em>hircus.</em></strong></span> 
     </span>
     <span class='ocr_line' id='line_1_18' title="bbox 277 1390 1774 1450; baseline 0.001 -16"><span class='ocrx_word' id='word_1_102' title='bbox 277 1391 501 1435; x_wconf 80' lang='lat' dir='ltr'><strong>Editorum</strong></span> <span class='ocrx_word' id='word_1_103' title='bbox 533 1393 630 1448; x_wconf 85' lang='lat' dir='ltr'><strong>post</strong></span> <span class='ocrx_word' id='word_1_104' title='bbox 667 1394 790 1436; x_wconf 89' lang='lat' dir='ltr'><strong>illum</strong></span> <span class='ocrx_word' id='word_1_105' title='bbox 831 1394 906 1436; x_wconf 85' lang='lat' dir='ltr'><strong>alii</strong></span> <span class='ocrx_word' id='word_1_106' title='bbox 938 1391 1162 1449; x_wconf 82' lang='lat' dir='ltr'><strong>(Heysins,</strong></span> <span class='ocrx_word' id='word_1_107' title='bbox 1201 1390 1469 1450; x_wconf 82' lang='lat' dir='ltr'><strong>Schwabius)</strong></span> <span class='ocrx_word' id='word_1_108' title='bbox 1509 1408 1606 1435; x_wconf 89' lang='lat' dir='ltr'><strong>enm</strong></span> <span class='ocrx_word' id='word_1_109' title='bbox 1638 1395 1774 1436; x_wconf 84' lang='lat' dir='ltr'><strong>secuti</strong></span> 
     </span>
     <span class='ocr_line' id='line_1_19' title="bbox 277 1463 1775 1520; baseline 0.002 -14"><span class='ocrx_word' id='word_1_110' title='bbox 277 1467 392 1515; x_wconf 82' lang='lat' dir='ltr'><strong>sunt,</strong></span> <span class='ocrx_word' id='word_1_111' title='bbox 425 1464 498 1506; x_wconf 84' lang='lat' dir='ltr'><strong>alii</strong></span> <span class='ocrx_word' id='word_1_112' title='bbox 520 1479 620 1515; x_wconf 86' lang='lat' dir='ltr'><strong>non,</strong></span> <span class='ocrx_word' id='word_1_113' title='bbox 651 1466 811 1520; x_wconf 86' lang='lat' dir='ltr'><strong>partim</strong></span> <span class='ocrx_word' id='word_1_114' title='bbox 834 1465 920 1507; x_wconf 82' lang='lat' dir='ltr'><strong>alia</strong></span> <span class='ocrx_word' id='word_1_115' title='bbox 940 1463 1151 1506; x_wconf 86' lang='lat' dir='ltr'><strong>Italorum</strong></span> <span class='ocrx_word' id='word_1_116' title='bbox 1172 1464 1395 1506; x_wconf 82' lang='lat' dir='ltr'><strong>conamina</strong></span> <span class='ocrx_word' id='word_1_117' title='bbox 1416 1466 1775 1518; x_wconf 79' lang='lat' dir='ltr'><strong>commendantes,</strong></span> 
     </span>
     <span class='ocr_line' id='line_1_20' title="bbox 278 1535 1774 1592; baseline 0 -13"><span class='ocrx_word' id='word_1_118' title='bbox 278 1536 436 1591; x_wconf 78' lang='lat' dir='ltr'><strong>partim</strong></span> <span class='ocrx_word' id='word_1_119' title='bbox 484 1551 559 1579; x_wconf 91' lang='lat' dir='ltr'><strong>suo</strong></span> <span class='ocrx_word' id='word_1_120' title='bbox 605 1535 747 1579; x_wconf 86' lang='lat' dir='ltr'><strong>Marte</strong></span> <span class='ocrx_word' id='word_1_121' title='bbox 793 1552 902 1579; x_wconf 84' lang='lat' dir='ltr'><strong>nova</strong></span> <span class='ocrx_word' id='word_1_122' title='bbox 947 1536 1224 1591; x_wconf 81' lang='lat' dir='ltr'><strong>proferentes.</strong></span> <span class='ocrx_word' id='word_1_123' title='bbox 1287 1535 1409 1578; x_wconf 81' lang='lat' dir='ltr'>Inter</span> <span class='ocrx_word' id='word_1_124' title='bbox 1455 1552 1558 1592; x_wconf 90' lang='lat' dir='ltr'><strong>quos</strong></span> <span class='ocrx_word' id='word_1_125' title='bbox 1598 1537 1774 1580; x_wconf 89' lang='lat' dir='ltr'><strong>Ellisius</strong></span> 
     </span>
     <span class='ocr_line' id='line_1_21' title="bbox 279 1609 552 1663; baseline 0 -13"><span class='ocrx_word' id='word_1_126' title='bbox 279 1609 354 1663; x_wconf 86' lang='lat' dir='ltr'><strong>qni</strong></span> <span class='ocrx_word' id='word_1_127' title='bbox 385 1609 552 1650; x_wconf 79' lang='lat' dir='ltr'>scribit:</span> 
     </span>
    </p>

    <p class='ocr_par' dir='ltr' id='par_1_11' title="bbox 279 1681 1781 2671">
     <span class='ocr_line' id='line_1_22' title="bbox 495 1681 1687 1734; baseline 0.002 -12"><span class='ocrx_word' id='word_1_128' title='bbox 495 1682 542 1722; x_wconf 73' lang='lat' dir='ltr'><strong>Si</strong></span> <span class='ocrx_word' id='word_1_129' title='bbox 572 1684 681 1734; x_wconf 77' lang='lat' dir='ltr'><strong>quoi,</strong></span> <span class='ocrx_word' id='word_1_130' title='bbox 720 1681 851 1731; x_wconf 78' lang='lat' dir='ltr'><strong>Virro,</strong></span> <span class='ocrx_word' id='word_1_131' title='bbox 884 1682 988 1722; x_wconf 87' lang='lat' dir='ltr'><strong>bono</strong></span> <span class='ocrx_word' id='word_1_132' title='bbox 1018 1694 1139 1722; x_wconf 83' lang='lat' dir='ltr'><strong>sacer</strong></span> <span class='ocrx_word' id='word_1_133' title='bbox 1171 1683 1333 1723; x_wconf 85' lang='lat' dir='ltr'><strong>alarum</strong></span> <span class='ocrx_word' id='word_1_134' title='bbox 1365 1683 1517 1724; x_wconf 74' lang='lat' dir='ltr'><strong>obstitit</strong></span> <span class='ocrx_word' id='word_1_135' title='bbox 1547 1683 1687 1724; x_wconf 77' lang='lat' dir='ltr'><strong><em>hircus</em></strong></span> 
     </span>
     <span class='ocr_line' id='line_1_23' title="bbox 281 1751 1778 1808; baseline 0.002 -15"><span class='ocrx_word' id='word_1_136' title='bbox 281 1751 323 1793; x_wconf 90' lang='lat' dir='ltr'><strong>id</strong></span> <span class='ocrx_word' id='word_1_137' title='bbox 354 1752 559 1808; x_wconf 76' lang='lat' dir='ltr'><strong>neglexit,</strong></span> <span class='ocrx_word' id='word_1_138' title='bbox 595 1751 707 1807; x_wconf 89' lang='lat' dir='ltr'><strong>quod</strong></span> <span class='ocrx_word' id='word_1_139' title='bbox 738 1751 955 1808; x_wconf 84' lang='lat' dir='ltr'><strong>Hauptius</strong></span> <span class='ocrx_word' id='word_1_140' title='bbox 984 1767 1027 1807; x_wconf 88' lang='lat' dir='ltr'><strong>p.</strong></span> <span class='ocrx_word' id='word_1_141' title='bbox 1060 1752 1116 1794; x_wconf 81' lang='lat'><strong>67</strong></span> <span class='ocrx_word' id='word_1_142' title='bbox 1149 1752 1384 1796; x_wconf 77' lang='lat' dir='ltr'><strong>rectissime</strong></span> <span class='ocrx_word' id='word_1_143' title='bbox 1416 1755 1580 1795; x_wconf 90' lang='lat' dir='ltr'><strong>monet:</strong></span> <span class='ocrx_word' id='word_1_144' title='bbox 1635 1755 1778 1796; x_wconf 77' lang='lat' dir='ltr'><strong>Virro</strong></span> 
     </span>
     <span class='ocr_line' id='line_1_24' title="bbox 279 1824 1777 1878; baseline 0.002 -13"><span class='ocrx_word' id='word_1_145' title='bbox 279 1825 317 1865; x_wconf 69' lang='lat' dir='ltr'><strong>si</strong></span> <span class='ocrx_word' id='word_1_146' title='bbox 348 1824 594 1878; x_wconf 76' lang='lat' dir='ltr'><strong><em>probamus,</em></strong></span> <span class='ocrx_word' id='word_1_147' title='bbox 645 1826 750 1866; x_wconf 74' lang='lat' dir='ltr'><strong>alius</strong></span> <span class='ocrx_word' id='word_1_148' title='bbox 787 1827 911 1866; x_wconf 73' lang='lat' dir='ltr'><strong>etiam</strong></span> <span class='ocrx_word' id='word_1_149' title='bbox 946 1825 1137 1866; x_wconf 78' lang='lat' dir='ltr'><strong>vocabuli</strong></span> <span class='ocrx_word' id='word_1_150' title='bbox 1173 1825 1344 1865; x_wconf 74' lang='lat' dir='ltr'><strong>mutatio</strong></span> <span class='ocrx_word' id='word_1_151' title='bbox 1389 1827 1637 1878; x_wconf 61' lang='lat' dir='ltr'><strong>requiritum</strong></span> <span class='ocrx_word' id='word_1_152' title='bbox 1680 1841 1777 1868; x_wconf 82' lang='lat' dir='ltr'><strong>nam</strong></span> 
     </span>
     <span class='ocr_line' id='line_1_25' title="bbox 281 1896 1777 1951; baseline 0.002 -14"><span class='ocrx_word' id='word_1_153' title='bbox 281 1896 408 1937; x_wconf 83' lang='lat' dir='ltr'><strong>bono</strong></span> <span class='ocrx_word' id='word_1_154' title='bbox 441 1898 520 1937; x_wconf 77' lang='lat' dir='ltr'><strong>nisi</strong></span> <span class='ocrx_word' id='word_1_155' title='bbox 550 1898 666 1938; x_wconf 78' lang='lat' dir='ltr'><strong>aliud</strong></span> <span class='ocrx_word' id='word_1_156' title='bbox 696 1897 796 1951; x_wconf 78' lang='lat' dir='ltr'><strong>quid</strong></span> <span class='ocrx_word' id='word_1_157' title='bbox 826 1898 997 1950; x_wconf 80' lang='lat' dir='ltr'><strong>accedit,</strong></span> <span class='ocrx_word' id='word_1_158' title='bbox 1029 1898 1131 1939; x_wconf 77' lang='lat' dir='ltr'><strong>nihil</strong></span> <span class='ocrx_word' id='word_1_159' title='bbox 1146 1901 1282 1950; x_wconf 71' lang='lat' dir='ltr'><strong>polest</strong></span> <span class='ocrx_word' id='word_1_160' title='bbox 1300 1897 1548 1950; x_wconf 72' lang='lat' dir='ltr'><strong>siqnificare.</strong></span> <span class='ocrx_word' id='word_1_161' title='bbox 1598 1897 1777 1940; x_wconf 86' lang='lat' dir='ltr'><strong>Studuit</strong></span> 
     </span>
     <span class='ocr_line' id='line_1_26' title="bbox 281 1967 1779 2024; baseline 0.002 -15"><span class='ocrx_word' id='word_1_162' title='bbox 281 1967 451 2022; x_wconf 89' lang='lat' dir='ltr'><strong>quidem</strong></span> <span class='ocrx_word' id='word_1_163' title='bbox 502 1968 568 2011; x_wconf 86' lang='lat' dir='ltr'><strong>vir</strong></span> <span class='ocrx_word' id='word_1_164' title='bbox 614 1967 762 2010; x_wconf 85' lang='lat' dir='ltr'><strong>doctus</strong></span> <span class='ocrx_word' id='word_1_165' title='bbox 808 1968 1022 2024; x_wconf 85' lang='lat' dir='ltr'><strong>explicare</strong></span> <span class='ocrx_word' id='word_1_166' title='bbox 1066 1968 1175 2010; x_wconf 90' lang='lat' dir='ltr'><strong>illud</strong></span> <span class='ocrx_word' id='word_1_167' title='bbox 1220 1970 1324 2010; x_wconf 82' lang='lat' dir='ltr'><strong>bono</strong></span> <span class='ocrx_word' id='word_1_168' title='bbox 1375 1968 1420 2010; x_wconf 91' lang='lat' dir='ltr'><strong>in</strong></span> <span class='ocrx_word' id='word_1_169' title='bbox 1471 1969 1779 2012; x_wconf 84' lang='lat' dir='ltr'><strong>commentario</strong></span> 
     </span>
     <span class='ocr_line' id='line_1_27' title="bbox 280 2038 1777 2095; baseline 0.002 -14"><span class='ocrx_word' id='word_1_170' title='bbox 280 2053 323 2094; x_wconf 93' lang='lat' dir='ltr'><strong>p.</strong></span> <span class='ocrx_word' id='word_1_171' title='bbox 357 2039 459 2092; x_wconf 79' lang='lat'>347,</span> <span class='ocrx_word' id='word_1_172' title='bbox 498 2039 571 2082; x_wconf 89' lang='lat' dir='ltr'><strong>sed</strong></span> <span class='ocrx_word' id='word_1_173' title='bbox 610 2038 723 2095; x_wconf 86' lang='lat' dir='ltr'><strong>quod</strong></span> <span class='ocrx_word' id='word_1_174' title='bbox 762 2039 823 2082; x_wconf 89' lang='lat' dir='ltr'><strong>ibi</strong></span> <span class='ocrx_word' id='word_1_175' title='bbox 861 2040 967 2083; x_wconf 88' lang='lat' dir='ltr'><strong>dicit</strong></span> <span class='ocrx_word' id='word_1_176' title='bbox 1004 2041 1136 2083; x_wconf 85' lang='lat' dir='ltr'><strong>verba.</strong></span> <span class='ocrx_word' id='word_1_177' title='bbox 1174 2043 1209 2083; x_wconf 76' lang='lat' dir='ltr'><strong>si</strong></span> <span class='ocrx_word' id='word_1_178' title='bbox 1250 2043 1316 2082; x_wconf 83' lang='lat' dir='ltr'><strong>cm·</strong></span> <span class='ocrx_word' id='word_1_179' title='bbox 1346 2042 1451 2084; x_wconf 83' lang='lat' dir='ltr'><strong>bono</strong></span> <span class='ocrx_word' id='word_1_180' title='bbox 1483 2043 1635 2084; x_wconf 76' lang='lat' dir='ltr'><strong>obstitit</strong></span> <span class='ocrx_word' id='word_1_181' title='bbox 1666 2041 1777 2084; x_wconf 89' lang='lat' dir='ltr'><strong>idem</strong></span> 
     </span>
     <span class='ocr_line' id='line_1_28' title="bbox 282 2110 1778 2169; baseline 0.001 -16"><span class='ocrx_word' id='word_1_182' title='bbox 282 2125 372 2153; x_wconf 85' lang='lat' dir='ltr'><strong>esse</strong></span> <span class='ocrx_word' id='word_1_183' title='bbox 403 2126 452 2153; x_wconf 87' lang='lat' dir='ltr'><strong>ac</strong></span> <span class='ocrx_word' id='word_1_184' title='bbox 482 2111 519 2153; x_wconf 88' lang='lat' dir='ltr'><strong>si</strong></span> <span class='ocrx_word' id='word_1_185' title='bbox 551 2110 746 2154; x_wconf 77' lang='lat' dir='ltr'><strong>Catullus</strong></span> <span class='ocrx_word' id='word_1_186' title='bbox 775 2111 972 2155; x_wconf 74' lang='lat' dir='ltr'><strong>dixisset:</strong></span> <span class='ocrx_word' id='word_1_187' title='bbox 1008 2115 1046 2154; x_wconf 78' lang='lat' dir='ltr'><strong>si</strong></span> <span class='ocrx_word' id='word_1_188' title='bbox 1076 2115 1142 2155; x_wconf 78' lang='lat' dir='ltr'><strong>cui</strong></span> <span class='ocrx_word' id='word_1_189' title='bbox 1172 2114 1277 2155; x_wconf 87' lang='lat' dir='ltr'><strong>bono</strong></span> <span class='ocrx_word' id='word_1_190' title='bbox 1307 2113 1387 2166; x_wconf 77' lang='lat' dir='ltr'><strong>fuit</strong></span> <span class='ocrx_word' id='word_1_191' title='bbox 1419 2115 1635 2168; x_wconf 76' lang='lat' dir='ltr'><strong>(profuit),</strong></span> <span class='ocrx_word' id='word_1_192' title='bbox 1667 2115 1778 2169; x_wconf 83' lang='lat' dir='ltr'><strong>quod</strong></span> 
     </span>
     <span class='ocr_line' id='line_1_29' title="bbox 282 2183 1778 2235; baseline 0.002 -11"><span class='ocrx_word' id='word_1_193' title='bbox 282 2184 421 2226; x_wconf 78' lang='lat' dir='ltr'><strong>hircus</strong></span> <span class='ocrx_word' id='word_1_194' title='bbox 457 2185 658 2235; x_wconf 76' lang='lat' dir='ltr'><strong>obstaret,</strong></span> <span class='ocrx_word' id='word_1_195' title='bbox 706 2183 933 2226; x_wconf 87' lang='lat' dir='ltr'><strong>verendum</strong></span> <span class='ocrx_word' id='word_1_196' title='bbox 982 2187 1060 2235; x_wconf 85' lang='lat' dir='ltr'><strong>est,</strong></span> <span class='ocrx_word' id='word_1_197' title='bbox 1105 2199 1159 2226; x_wconf 90' lang='lat' dir='ltr'><strong>ne</strong></span> <span class='ocrx_word' id='word_1_198' title='bbox 1205 2185 1335 2226; x_wconf 84' lang='lat' dir='ltr'><strong>verba</strong></span> <span class='ocrx_word' id='word_1_199' title='bbox 1382 2185 1459 2227; x_wconf 86' lang='lat' dir='ltr'><strong>illa.</strong></span> <span class='ocrx_word' id='word_1_200' title='bbox 1505 2185 1561 2227; x_wconf 86' lang='lat' dir='ltr'><strong>ab</strong></span> <span class='ocrx_word' id='word_1_201' title='bbox 1607 2185 1778 2228; x_wconf 90' lang='lat' dir='ltr'><strong>homine</strong></span> 
     </span>
     <span class='ocr_line' id='line_1_30' title="bbox 282 2253 1780 2312; baseline 0.001 -15"><span class='ocrx_word' id='word_1_202' title='bbox 282 2253 476 2298; x_wconf 82' lang='lat' dir='ltr'><strong>Romano</strong></span> <span class='ocrx_word' id='word_1_203' title='bbox 522 2271 605 2298; x_wconf 89' lang='lat' dir='ltr'><strong>nou</strong></span> <span class='ocrx_word' id='word_1_204' title='bbox 653 2257 713 2298; x_wconf 90' lang='lat' dir='ltr'><strong>sic</strong></span> <span class='ocrx_word' id='word_1_205' title='bbox 759 2254 981 2298; x_wconf 84' lang='lat' dir='ltr'><strong>intellecta</strong></span> <span class='ocrx_word' id='word_1_206' title='bbox 1014 2257 1114 2299; x_wconf 87' lang='lat' dir='ltr'><strong>sint.</strong></span> <span class='ocrx_word' id='word_1_207' title='bbox 1178 2255 1326 2311; x_wconf 87' lang='lat' dir='ltr'><strong>Neque</strong></span> <span class='ocrx_word' id='word_1_208' title='bbox 1365 2256 1447 2312; x_wconf 89' lang='lat' dir='ltr'><strong>ipsi</strong></span> <span class='ocrx_word' id='word_1_209' title='bbox 1484 2256 1636 2300; x_wconf 87' lang='lat' dir='ltr'><strong>Ellisio</strong></span> <span class='ocrx_word' id='word_1_210' title='bbox 1675 2257 1780 2300; x_wconf 86' lang='lat' dir='ltr'><strong>haec</strong></span> 
     </span>
     <span class='ocr_line' id='line_1_31' title="bbox 283 2326 1779 2384; baseline 0 -15"><span class='ocrx_word' id='word_1_211' title='bbox 283 2327 512 2382; x_wconf 79' lang='lat' dir='ltr'><strong>explicatio</strong></span> <span class='ocrx_word' id='word_1_212' title='bbox 545 2328 713 2370; x_wconf 86' lang='lat' dir='ltr'><strong>videtur</strong></span> <span class='ocrx_word' id='word_1_213' title='bbox 745 2327 867 2370; x_wconf 82' lang='lat' dir='ltr'><strong>valde</strong></span> <span class='ocrx_word' id='word_1_214' title='bbox 897 2327 1119 2382; x_wconf 78' lang='lat' dir='ltr'><strong>placuisse,</strong></span> <span class='ocrx_word' id='word_1_215' title='bbox 1152 2343 1248 2371; x_wconf 86' lang='lat' dir='ltr'><strong>nam</strong></span> <span class='ocrx_word' id='word_1_216' title='bbox 1281 2329 1428 2383; x_wconf 85' lang='lat' dir='ltr'><strong>paullo</strong></span> <span class='ocrx_word' id='word_1_217' title='bbox 1458 2330 1557 2384; x_wconf 87' lang='lat' dir='ltr'><strong>post</strong></span> <span class='ocrx_word' id='word_1_218' title='bbox 1588 2326 1779 2369; x_wconf 82' lang='lat' dir='ltr'><strong>dativum</strong></span> 
     </span>
     <span class='ocr_line' id='line_1_32' title="bbox 285 2399 1780 2456; baseline 0.001 -16"><span class='ocrx_word' id='word_1_219' title='bbox 285 2400 389 2441; x_wconf 84' lang='lat' dir='ltr'><strong>bono</strong></span> <span class='ocrx_word' id='word_1_220' title='bbox 420 2399 645 2456; x_wconf 84' lang='lat' dir='ltr'><strong>coniungit</strong></span> <span class='ocrx_word' id='word_1_221' title='bbox 673 2414 768 2442; x_wconf 91' lang='lat' dir='ltr'><strong>cum</strong></span> <span class='ocrx_word' id='word_1_222' title='bbox 789 2399 1040 2454; x_wconf 87' lang='lat' dir='ltr'><strong>pronomine</strong></span> <span class='ocrx_word' id='word_1_223' title='bbox 1062 2403 1129 2442; x_wconf 83' lang='lat' dir='ltr'><strong>cui</strong></span> <span class='ocrx_word' id='word_1_224' title='bbox 1154 2425 1205 2431; x_wconf 82' lang='lat'><strong>—-</strong></span> <span class='ocrx_word' id='word_1_225' title='bbox 1228 2400 1369 2442; x_wconf 86' lang='lat' dir='ltr'><strong>reddit</strong></span> <span class='ocrx_word' id='word_1_226' title='bbox 1390 2400 1500 2443; x_wconf 92' lang='lat' dir='ltr'><strong>enim</strong></span> <span class='ocrx_word' id='word_1_227' title='bbox 1523 2400 1780 2443; x_wconf 85' lang='lat' dir='ltr'><strong>sententiam</strong></span> 
     </span>
     <span class='ocr_line' id='line_1_33' title="bbox 284 2470 1778 2527; baseline 0.001 -15"><span class='ocrx_word' id='word_1_228' title='bbox 284 2485 430 2512; x_wconf 82' lang='lat' dir='ltr'><strong>versus</strong></span> <span class='ocrx_word' id='word_1_229' title='bbox 461 2470 528 2512; x_wconf 85' lang='lat' dir='ltr'><strong>his</strong></span> <span class='ocrx_word' id='word_1_230' title='bbox 559 2471 720 2513; x_wconf 81' lang='lat' dir='ltr'><strong>verbis:</strong></span> <span class='ocrx_word' id='word_1_231' title='bbox 754 2472 800 2523; x_wconf 81' lang='lat' dir='ltr'><strong>Is</strong></span> <span class='ocrx_word' id='word_1_232' title='bbox 826 2473 936 2512; x_wconf 74' lang='lat' dir='ltr'><strong>there</strong></span> <span class='ocrx_word' id='word_1_233' title='bbox 967 2486 1056 2514; x_wconf 79' lang='lat' dir='ltr'><strong>was</strong></span> <span class='ocrx_word' id='word_1_234' title='bbox 1087 2486 1114 2514; x_wconf 89' lang='lat' dir='ltr'><strong><em>a</em></strong></span> <span class='ocrx_word' id='word_1_235' title='bbox 1143 2473 1252 2527; x_wconf 69' lang='lat' dir='ltr'><strong>qood</strong></span> <span class='ocrx_word' id='word_1_236' title='bbox 1282 2474 1375 2514; x_wconf 78' lang='lat' dir='ltr'><strong>sont</strong></span> <span class='ocrx_word' id='word_1_237' title='bbox 1404 2474 1486 2516; x_wconf 82' lang='lat' dir='ltr'><strong>etc.</strong></span> <span class='ocrx_word' id='word_1_238' title='bbox 1522 2496 1575 2501; x_wconf 89' lang='lat'><strong>—</strong></span> <span class='ocrx_word' id='word_1_239' title='bbox 1609 2473 1653 2512; x_wconf 91' lang='lat' dir='ltr'><strong>et</strong></span> <span class='ocrx_word' id='word_1_240' title='bbox 1683 2485 1778 2513; x_wconf 91' lang='lat' dir='ltr'><strong>cum</strong></span> 
     </span>
     <span class='ocr_line' id='line_1_34' title="bbox 287 2538 1781 2599; baseline 0.001 -16"><span class='ocrx_word' id='word_1_241' title='bbox 287 2538 478 2597; x_wconf 77' lang='grc' dir='ltr'><strong><em>εἰρωνείᾳ</em></strong></span> <span class='ocrx_word' id='word_1_242' title='bbox 507 2541 691 2598; x_wconf 80' lang='lat' dir='ltr'><strong>quadam</strong></span> <span class='ocrx_word' id='word_1_243' title='bbox 735 2542 895 2585; x_wconf 83' lang='lat' dir='ltr'><strong>dictum</strong></span> <span class='ocrx_word' id='word_1_244' title='bbox 937 2557 1026 2586; x_wconf 85' lang='lat' dir='ltr'><strong>esse</strong></span> <span class='ocrx_word' id='word_1_245' title='bbox 1065 2545 1170 2587; x_wconf 87' lang='lat' dir='ltr'><strong>bono</strong></span> <span class='ocrx_word' id='word_1_246' title='bbox 1207 2546 1347 2599; x_wconf 85' lang='lat' dir='ltr'><strong>putat.</strong></span> <span class='ocrx_word' id='word_1_247' title='bbox 1410 2543 1469 2586; x_wconf 88' lang='lat' dir='ltr'><strong>Et</strong></span> <span class='ocrx_word' id='word_1_248' title='bbox 1500 2543 1612 2586; x_wconf 87' lang='lat' dir='ltr'><strong>hanc</strong></span> <span class='ocrx_word' id='word_1_249' title='bbox 1643 2543 1781 2598; x_wconf 87' lang='lat' dir='ltr'><strong>expli-</strong></span> 
     </span>
     <span class='ocr_line' id='line_1_35' title="bbox 285 2614 1781 2671; baseline 0 -14"><span class='ocrx_word' id='word_1_250' title='bbox 285 2615 496 2657; x_wconf 86' lang='lat' dir='ltr'><strong>cationem</strong></span> <span class='ocrx_word' id='word_1_251' title='bbox 549 2614 813 2657; x_wconf 87' lang='lat' dir='ltr'><strong>concedimus</strong></span> <span class='ocrx_word' id='word_1_252' title='bbox 851 2615 1027 2657; x_wconf 85' lang='lat' dir='ltr'><strong>tolerari</strong></span> <span class='ocrx_word' id='word_1_253' title='bbox 1072 2630 1214 2671; x_wconf 85' lang='lat' dir='ltr'><strong>posse,</strong></span> <span class='ocrx_word' id='word_1_254' title='bbox 1260 2616 1467 2671; x_wconf 86' lang='lat' dir='ltr'><strong>siquidem</strong></span> <span class='ocrx_word' id='word_1_255' title='bbox 1512 2616 1648 2658; x_wconf 82' lang='lat' dir='ltr'><strong>solam</strong></span> <span class='ocrx_word' id='word_1_256' title='bbox 1687 2629 1781 2657; x_wconf 88' lang='lat' dir='ltr'><strong>ver-</strong></span> 
     </span>
    </p>
   </div>
   <div class='ocr_carea' id='block_1_7' title="bbox 286 2694 569 2698">
    <p class='ocr_par' dir='ltr' id='par_1_12' title="bbox 286 2694 569 2698">
     <span class='ocr_line' id='line_1_36' title="bbox 286 2694 569 2698; baseline 0 0"><span class='ocrx_word' id='word_1_257' title='bbox 286 2694 569 2698; x_wconf 95' lang='lat' dir='ltr'><strong> </strong></span> 
     </span>
    </p>
   </div>
   <div class='ocr_carea' id='block_1_8' title="bbox 381 2721 1778 2769">
    <p class='ocr_par' dir='ltr' id='par_1_13' title="bbox 381 2721 1778 2769">
     <span class='ocr_line' id='line_1_37' title="bbox 381 2721 1778 2769; baseline -0.001 -12"><span class='ocrx_word' id='word_1_258' title='bbox 381 2722 415 2766; x_wconf 79' lang='lat'><strong>*)</strong></span> <span class='ocrx_word' id='word_1_259' title='bbox 440 2721 485 2757; x_wconf 89' lang='lat' dir='ltr'><strong>In</strong></span> <span class='ocrx_word' id='word_1_260' title='bbox 511 2721 591 2757; x_wconf 84' lang='lat' dir='ltr'><strong>eius</strong></span> <span class='ocrx_word' id='word_1_261' title='bbox 616 2722 806 2767; x_wconf 80' lang='lat' dir='ltr'><strong>apparatu</strong></span> <span class='ocrx_word' id='word_1_262' title='bbox 829 2721 925 2759; x_wconf 84' lang='lat' dir='ltr'><strong>haec</strong></span> <span class='ocrx_word' id='word_1_263' title='bbox 943 2722 1056 2758; x_wconf 86' lang='lat' dir='ltr'><strong>huius</strong></span> <span class='ocrx_word' id='word_1_264' title='bbox 1074 2722 1288 2769; x_wconf 90' lang='lat' dir='ltr'><strong>compendii</strong></span> <span class='ocrx_word' id='word_1_265' title='bbox 1306 2723 1439 2759; x_wconf 79' lang='lat' dir='ltr'><strong>extant</strong></span> <span class='ocrx_word' id='word_1_266' title='bbox 1457 2721 1648 2768; x_wconf 76' lang='lat' dir='ltr'><strong>exempla:</strong></span> <span class='ocrx_word' id='word_1_267' title='bbox 1674 2722 1778 2763; x_wconf 67' lang='lat'>6221</span> 
     </span>
    </p>
   </div>
   <div class='ocr_carea' id='block_1_9' title="bbox 287 2789 1762 2923">
    <p class='ocr_par' dir='ltr' id='par_1_14' title="bbox 287 2789 1762 2923">
     <span class='ocr_line' id='line_1_38' title="bbox 289 2789 1762 2862; baseline 0 -9"><span class='ocrx_word' id='word_1_268' title='bbox 289 2790 418 2854; x_wconf 43' lang='lat' dir='ltr'><strong>amavts</strong></span> <span class='ocrx_word' id='word_1_269' title='bbox 443 2818 482 2853; x_wconf 87' lang='lat' dir='ltr'><strong>in</strong></span> <span class='ocrx_word' id='word_1_270' title='bbox 499 2817 542 2862; x_wconf 80' lang='grc' dir='ltr'><strong>Ο,</strong></span> <span class='ocrx_word' id='word_1_271' title='bbox 560 2818 640 2862; x_wconf 83' lang='lat'><strong>63,9</strong></span> <span class='ocrx_word' id='word_1_272' title='bbox 665 2789 751 2852; x_wconf 68' lang='lat' dir='ltr'><strong>mat⁸</strong></span> <span class='ocrx_word' id='word_1_273' title='bbox 773 2817 813 2853; x_wconf 88' lang='lat' dir='ltr'><strong>in</strong></span> <span class='ocrx_word' id='word_1_274' title='bbox 840 2817 882 2861; x_wconf 88' lang='lat' dir='ltr'><strong>O,</strong></span> <span class='ocrx_word' id='word_1_275' title='bbox 908 2817 1039 2860; x_wconf 76' lang='lat'><strong>64‚292</strong></span> <span class='ocrx_word' id='word_1_276' title='bbox 1066 2792 1170 2853; x_wconf 38' lang='lat' dir='ltr'><strong>i’cssum</strong></span> <span class='ocrx_word' id='word_1_277' title='bbox 1195 2817 1235 2853; x_wconf 92' lang='lat' dir='ltr'><strong>in</strong></span> <span class='ocrx_word' id='word_1_278' title='bbox 1261 2817 1302 2860; x_wconf 89' lang='grc' dir='ltr'><strong>Ο,</strong></span> <span class='ocrx_word' id='word_1_279' title='bbox 1320 2818 1427 2862; x_wconf 80' lang='grc'><strong>39,20</strong></span> <span class='ocrx_word' id='word_1_280' title='bbox 1451 2790 1641 2862; x_wconf 56' lang='grc' dir='ltr'><strong>91*μοῖιέον</strong></span> <span class='ocrx_word' id='word_1_281' title='bbox 1665 2817 1703 2851; x_wconf 87' lang='lat' dir='ltr'><strong>in</strong></span> <span class='ocrx_word' id='word_1_282' title='bbox 1730 2817 1762 2853; x_wconf 91' lang='lat' dir='ltr'>G</span> 
     </span>
     <span class='ocr_line' id='line_1_39' title="bbox 287 2876 1494 2923; baseline 0 -12"><span class='ocrx_word' id='word_1_283' title='bbox 287 2888 334 2912; x_wconf 86' lang='lat' dir='ltr'><strong>ex</strong></span> <span class='ocrx_word' id='word_1_284' title='bbox 359 2877 519 2913; x_wconf 85' lang='lat' dir='ltr'><strong>Bonneti</strong></span> <span class='ocrx_word' id='word_1_285' title='bbox 545 2877 764 2912; x_wconf 82' lang='lat' dir='ltr'><strong>testimonio</strong></span> <span class='ocrx_word' id='word_1_286' title='bbox 789 2877 860 2912; x_wconf 87' lang='lat' dir='ltr'><strong>hoc</strong></span> <span class='ocrx_word' id='word_1_287' title='bbox 884 2877 968 2913; x_wconf 88' lang='lat' dir='ltr'><strong>loco</strong></span> <span class='ocrx_word' id='word_1_288' title='bbox 994 2877 1176 2923; x_wconf 86' lang='lat' dir='ltr'><strong>scriptum</strong></span> <span class='ocrx_word' id='word_1_289' title='bbox 1204 2878 1262 2912; x_wconf 78' lang='lat' dir='ltr'><strong>est</strong></span> <span class='ocrx_word' id='word_1_290' title='bbox 1287 2876 1494 2921; x_wconf 66' lang='lat' dir='ltr'><strong>expolit&#39;or.</strong></span> 
     </span>
    </p>
   </div>
  </div>
 </body>
</html>
