1950 3256
936 174 963 218 8

202 294 284 337 Sed
316 309 411 337 cum
444 294 554 337 idem
588 294 763 337 verbum
796 294 926 336 etiam
949 294 1120 337 notione
1142 293 1419 338 intransitiva
1441 309 1520 338 usu
1543 295 1701 349 veniat,

203 366 298 409 Ter.
333 366 441 408 Eun.
475 365 519 408 II
555 365 674 416 1,11:

993 438 1146 480 Censen
1175 452 1296 493 posse
1327 452 1390 480 me
1422 441 1633 493 offirmare
1665 447 1703 483 et

418 511 596 564 Per-peti,
628 524 677 551 ne
710 510 876 551 redeam
907 511 1095 551 interea?

203 597 286 626 non
318 582 494 624 dubium
535 580 721 633 videtur,
766 581 868 636 quin
904 583 1015 623 recte
1047 580 1129 623 dici
1160 580 1293 635 possit
1325 583 1460 624 animo
1491 584 1703 637 offirmare

203 655 245 698 h.
280 669 314 698 e.
349 656 434 697 sich
466 656 508 695 in
538 655 688 695 seinem
721 656 884 695 Gemiite
915 655 1146 696 verha'rlen.
1195 651 1310 694 Idem
1344 652 1627 698 Baehrensius
1658 655 1703 697 in

202 725 325 768 initio
370 725 568 768 versiculi
614 725 767 779 prioris
812 739 888 779 pro
929 727 1024 780 quin
1071 723 1242 779 scripsit
1283 727 1444 779 quidni,
1493 726 1606 781 quod
1652 741 1704 770 ex

202 798 417 854 scriptura
447 797 638 840 codicum
671 811 836 850 eorum,
876 811 980 851 quos
1013 797 1086 839 ille
1119 796 1230 839 solos
1261 797 1304 838 in
1337 797 1434 840 crisi
1466 797 1703 842 factitando.

201 869 484 925 respiciendos
523 871 651 924 putat
684 868 721 910 G
753 873 796 911 et
829 868 864 912 Ο
898 893 950 899 -
987 869 1026 911 ei
1064 870 1177 912 enim
1219 871 1289 924 qui
1320 872 1378 912 tui
1409 869 1626 922 exhibent,
1663 869 1703 913 D

202 946 246 984 et
277 941 311 984 L
344 944 413 997 qui
443 949 485 983 lu
520 965 573 971 —
606 940 798 996 cupidius
839 941 997 984 elicuit.
1066 942 1217 992 Quidni
1256 942 1366 983 enim
1409 955 1489 984 non
1529 942 1704 998 ponitur

201 1015 285 1057 nisi
322 1015 524 1069 sequente
563 1013 687 1055 modo
726 1014 996 1056 coniunctivo
1036 1016 1079 1056 et
1119 1015 1184 1055 est
1225 1012 1384 1055 ironice
1422 1012 1703 1066 affirmantis;

203 1086 301 1129 huic
340 1087 431 1129 loeo
473 1085 595 1127 unice
635 1086 832 1128 convenit
865 1088 975 1140 quin,
1015 1101 1098 1142 quo
1131 1088 1334 1141 sequente
1366 1089 1442 1128 aut
1473 1085 1704 1129 indicativo

201 1159 278 1200 aut
309 1156 563 1211 imperativo
586 1155 809 1198 hortantes
832 1159 875 1199 et
905 1157 1162 1215 instigantes
1185 1159 1380 1200 utuntur.
1428 1156 1534 1199 Inde
1555 1157 1703 1216 igitur,

201 1229 313 1285 quod
346 1227 381 1270 G
415 1223 526 1271 et‘O
560 1230 629 1283 qui
661 1230 719 1269 tui
751 1228 973 1282 exhibent,
1015 1245 1097 1272 non
1138 1230 1306 1272 videtur
1345 1229 1507 1285 aliquid
1539 1229 1704 1272 fructus

205 1299 301 1356 capi
333 1315 453 1355 posse
485 1314 620 1355 neque
651 1300 704 1342 ad
736 1301 1081 1344 constituendum
1114 1305 1280 1344 textum
1308 1305 1460 1356 poetae
1486 1316 1624 1357 neque
1652 1301 1705 1344 ad

203 1373 512 1415 aestimandam
536 1372 725 1414 codicum
748 1372 921 1415 illorum
944 1373 1260 1416 auctoritatem.
1311 1372 1506 1429 Denique
1529 1387 1704 1416 monen-

202 1445 301 1487 dum
343 1447 409 1486 est
447 1445 577 1488 verba
616 1446 735 1486 istinc
767 1452 883 1499 teque
914 1446 1091 1489 inventa
1124 1460 1212 1488 esse
1246 1445 1412 1488 Heinsii
1445 1446 1703 1498 coniectura,

201 1518 272 1560 sed
312 1516 362 1559 de
401 1516 519 1559 cuius
561 1515 744 1559 veritate
783 1516 971 1560 dubitari
1012 1533 1093 1561 non
1133 1519 1307 1569 debeat3
1357 1518 1456 1560 libri
1496 1518 1635 1561 codice
1667 1517 1703 1560 G

201 1604 286 1633 non
326 1591 503 1643 excepto
540 1591 808 1644 instinctoque
850 1590 915 1632 vel
956 1591 1058 1634 adeo
1098 1590 1243 1646 peiora
1282 1591 1508 1646 praebent,
1556 1590 1628 1633 sed
1667 1588 1704 1634 O

201 1661 334 1705 habet
365 1664 643 1716 instincteque,
676 1675 759 1716 quo
791 1660 957 1703 Heinsii
988 1666 1276 1704 commentum
1308 1662 1521 1707 firmatur.

321 1733 500 1790 Egimus
532 1732 671 1775 adhuc
704 1733 754 1775 de
787 1733 944 1789 viginti
975 1733 1113 1776 tribus
1146 1734 1261 1786 locis,
1296 1735 1449 1790 quibus
1481 1734 1635 1778 codicis
1667 1733 1704 1778 G

200 1805 414 1861 scriptura
454 1804 718 1847 Lachmanni
757 1805 878 1848 libris
920 1808 1128 1860 praestat.
1198 1806 1250 1849 In
1292 1806 1358 1849 his
1401 1806 1483 1849 duo
1531 1809 1705 1850 tantum

202 1879 374 1929 extant,
423 1891 527 1932 quos
574 1879 785 1920 extremos
823 1877 1122 1930 tractavimus,
1171 1878 1326 1934 quibus
1374 1894 1399 1922 a
1437 1877 1705 1922 Lachmanni

202 1951 326 1991 textu
359 1948 636 1991 recedendum
670 1949 907 1993 videbatur.
961 1948 1104 2004 Atque
1135 1950 1202 1992 his
1234 1951 1336 1994 locis
1370 1966 1468 1994 vera
1491 1950 1704 2006 scriptura

200 2021 286 2064 iam
317 2023 419 2063 ante
441 2020 624 2078 codicem
648 2020 685 2063 G
709 2025 924 2078 repertum
952 2023 1006 2065 ab
1029 2022 1124 2065 aliis
1146 2022 1250 2066 viris
1271 2023 1406 2067 doctis
1427 2022 1704 2066 coniectando

200 2093 402 2135 restituta
435 2095 548 2145 erat,
588 2094 651 2137 ita
683 2098 732 2137 ut
764 2094 1083 2146 Lachmannus‚
1125 2109 1210 2138 non
1248 2096 1358 2151 quod
1390 2096 1532 2139 codice
1565 2095 1603 2138 G
1633 2110 1705 2138 ca-

202 2166 347 2216 rebat,
386 2165 457 2208 sed
498 2165 610 2221 quod
649 2181 732 2209 non
773 2166 878 2211 satis
917 2169 1041 2209 caute
1081 2166 1131 2209 de
1170 2166 1236 2209 his
1275 2167 1377 2211 locis
1419 2167 1636 2222 iudicavit,
1679 2183 1705 2211 a

201 2251 301 2280 vero
344 2237 561 2280 aberrasse
601 2239 816 2294 putandus
854 2240 923 2282 sit.
1000 2238 1153 2295 Itaque
1192 2240 1333 2283 codice
1373 2238 1411 2282 G
1450 2243 1622 2296 reperto
1661 2240 1704 2283 id

199 2310 371 2351 tantum
406 2309 448 2351 in
482 2311 756 2354 emendandis
780 2310 942 2354 Catulli
973 2312 1234 2355 carminibus
1266 2312 1534 2368 profecimus,
1568 2315 1616 2355 ut
1637 2313 1704 2355 his

201 2380 358 2438 viginti
398 2381 536 2424 tribus
578 2382 680 2425 locis
711 2384 980 2426 coniecturae
1012 2384 1199 2426 virorum
1234 2385 1454 2427 doctorum
1487 2385 1573 2428 iam
1603 2385 1706 2428 libri

202 2453 485 2508 manuscripti
518 2454 765 2498 testimonio
797 2454 1036 2498 firmentur.

321 2522 402 2566 Sed
435 2525 573 2567 altera
607 2539 659 2565 ex
690 2529 815 2579 parte
837 2541 921 2568 non
954 2527 1107 2569 desunt
1138 2526 1233 2579 loci,
1267 2527 1420 2581 quibus
1442 2527 1705 2572 Lachmanni

199 2595 300 2638 libri
332 2594 371 2637 D
405 2599 448 2638 et
480 2597 514 2639 L
548 2597 679 2640 codici
713 2595 750 2638 G
788 2600 1032 2652 praestant:

320 2669 392 2720 42,
427 2669 482 2711 13

415 2743 506 2784 Non
540 2744 647 2784 assis
677 2744 816 2797 facis?
855 2757 879 2785 ο
911 2745 1050 2795 lutum,
1091 2746 1293 2798 lupanar,

417 2814 497 2855 Aut
532 2816 568 2856 si
596 2816 799 2868 perditius
828 2821 995 2869 potest
1029 2818 1125 2870 qnid
1156 2830 1253 2858 esse.
