1950 3256
994 211 1023 254 5

256 325 376 379 Quod
435 342 524 372 non
568 329 851 386 probabiliter
902 330 1139 373 instituisse
1194 329 1381 372 videtur:
1461 330 1567 374 illud
1623 335 1660 375 si
1709 334 1755 386 fit

257 399 547 456 enim‘neque
584 399 638 442 ad
674 403 934 445 sententiam
982 403 1166 444 multum
1213 402 1329 445 valet
1373 405 1419 445 et
1459 403 1586 446 nimis
1626 403 1755 461 longe

256 470 379 515 abest
424 471 480 514 ab
524 471 602 515 illo
646 479 814 528 stetque.
877 473 1053 517 Accedit
1091 474 1202 529 quod
1240 473 1296 527 G,
1335 489 1517 531 quocum
1559 473 1595 518 Ο
1636 474 1754 528 facit,

256 540 362 586 haec
390 544 600 586 testatur:

469 617 599 658 Immo
629 619 751 658 etiam
782 618 918 659 taedet
948 617 1188 670 obestque
1217 620 1428 673 maqisque
1459 621 1603 673 may-25.

255 686 410 744 Itaque
455 701 538 731 non
583 703 662 744 pro
707 689 783 732 illo
834 691 1043 744 mayt‘sque
1089 689 1374 743 reponendum
1416 695 1510 733 erat
1550 692 1755 746 obestque,

256 759 329 802 sed
365 760 651 815 comparanda
689 761 831 817 potius
878 765 1002 804 erant
1038 766 1193 815 stetque
1231 764 1275 802 et
1313 763 1504 818 obestque
1541 766 1585 805 et
1625 777 1756 818 quae-

256 831 448 883 rendum,
479 834 625 874 utrum
657 832 798 875 verius
828 835 951 884 esset,
985 836 1130 874 utrum
1161 846 1214 874 ex
1243 832 1381 876 altero
1402 836 1558 876 ortum.
1611 834 1755 890 Atque

255 917 374 947 mero
414 917 558 946 errore
595 917 732 959 neque
772 907 963 960 obestque
994 918 1046 946 ex
1076 910 1231 959 stetque
1270 919 1349 947 nec
1382 919 1479 947 vero
1510 905 1600 948 vice
1635 920 1754 949 versa

254 982 412 1031 stetque
442 989 495 1017 ex
525 977 717 1030 obestque
755 976 924 1019 videtur
961 982 1110 1018 natum
1143 990 1246 1018 esse.
1309 974 1533 1032 Scriptura
1564 978 1755 1033 obestque

257 1051 418 1099 autem,
449 1061 558 1102 quae
588 1047 786 1104 intellegi
816 1050 979 1103 potest,
1021 1047 1216 1090 veritatis
1248 1048 1427 1102 speeiem
1460 1063 1563 1103 prae
1593 1064 1637 1092 se
1668 1049 1755 1092 fert

257 1123 321 1172 et,
376 1133 635 1175 quamquam
682 1121 873 1174 obestque
918 1121 1127 1173 maqisque
1178 1122 1310 1173 maqis
1367 1122 1518 1162 contra
1570 1126 1754 1164 metrum

255 1194 445 1248 pugnat,
485 1195 600 1234 certe
639 1191 675 1232 si
714 1191 920 1234 deleveris
958 1190 1064 1232 illud
1101 1194 1331 1246 mayisque,
1378 1191 1490 1246 quod
1530 1192 1753 1235 delendum

255 1277 346 1308 esse
374 1263 489 1306 inter
520 1276 664 1305 omnes
695 1266 879 1315 constat,
912 1264 1042 1306 verba
1073 1265 1263 1318 obestque
1295 1266 1426 1317 mayis
1456 1267 1557 1319 apte
1585 1279 1753 1306 versum

255 1338 575 1392 pentametrum
608 1335 804 1378 claudere
835 1338 1026 1392 possunt.
1079 1334 1239 1378 Contra
1261 1336 1446 1377 alterum
1471 1334 1577 1376 illud
1598 1342 1754 1390 stetque

255 1421 380 1450 sensu
410 1421 575 1450 cassum
607 1413 686 1458 est,
719 1410 856 1450 metro
876 1407 1048 1464 egregie
1067 1407 1278 1449 convenit.
1331 1405 1471 1455 Quare
1492 1420 1541 1448 eo
1563 1407 1754 1449 videmur

255 1478 419 1532 deduci,
449 1481 499 1520 ut
528 1485 684 1534 stetque
716 1494 741 1520 a
769 1479 946 1522 librario
970 1479 1095 1521 metri
1118 1478 1295 1521 sanandi
1317 1493 1443 1520 causa
1464 1492 1542 1533 pro
1563 1479 1754 1534 obestque

256 1550 405 1594 fictum
436 1565 526 1594 esse
557 1565 814 1595 censeamuS.
872 1551 931 1593 Et
961 1565 1221 1607 quamquam
1253 1564 1460 1605 ponamus
1493 1564 1658 1593 necesse
1688 1553 1754 1592 est

254 1622 379 1665 illum
411 1623 671 1665 sententiam
704 1637 784 1665 non
818 1638 998 1672 curasse,
1030 1628 1175 1665 tamen
1199 1622 1277 1664 hoc
1300 1622 1354 1664 ab
1374 1621 1545 1677 ingenio
1566 1621 1754 1665 humano

256 1709 343 1738 non
374 1694 503 1750 plane
535 1694 723 1736 alienum
755 1695 923 1737 videtur
954 1709 1058 1744 esse,
1098 1709 1194 1736 cum
1226 1693 1336 1736 aliae
1368 1692 1554 1735 eiusdem
1585 1693 1754 1749 generis

176 1794 186 1805 .
255 1765 609 1822 interpolationes
645 1770 883 1809 occurrant.
945 1765 1252 1809 Gravissimum
1299 1764 1541 1820 exemplum
1578 1765 1755 1820 praebet

256 1838 457 1883 carminis
502 1837 645 1894 quinti
691 1852 836 1880 versus
883 1841 1079 1888 octavus,
1130 1837 1202 1879 ubi
1239 1841 1453 1880 corrector
1493 1837 1666 1892 quidam
1707 1839 1754 1878 ut

257 1925 402 1955 versus
432 1912 569 1954 staret
601 1923 677 1951 suo
707 1908 849 1952 Marte
880 1911 1086 1953 scribens:

472 1983 627 2024 Deinde
658 1984 713 2023 mi
744 1984 877 2025 altera.
909 1985 966 2025 da
995 1983 1176 2025 secunda
1209 1987 1365 2024 centum

256 2053 514 2097 sententiam
552 2067 726 2110 prorsus
763 2052 1063 2109 pessumdedit.
1113 2052 1340 2096 Praeterea
1376 2053 1569 2096 conferas
1613 2053 1752 2104 108‚1‚

258 2125 332 2168 ubi
369 2126 413 2168 in
452 2125 612 2177 codice,
653 2140 779 2181 quem
818 2125 993 2168 Ellisius
1033 2125 1181 2167 littera
1220 2140 1245 2167 a
1280 2124 1554 2181 significavit,
1596 2139 1757 2179 semper

257 2197 403 2241 eodem
440 2197 618 2241 consilio
654 2198 883 2253 eademque
918 2197 1191 2253 neglegentia
1226 2196 1431 2251 scriptum
1466 2199 1544 2239 est.
1607 2194 1755 2253 Neque

257 2270 386 2314 aHter
416 2270 623 2325 explicari
654 2271 797 2325 potest
827 2276 1118 2323 monstrorum,
1156 2268 1267 2324 quod
1299 2267 1344 2310 in
1376 2269 1569 2324 margine
1600 2267 1755 2311 codicis

257 2340 296 2384 Ο
334 2342 389 2385 ad
427 2342 559 2392 64,15
611 2341 873 2397 adscriptum
927 2344 1011 2389 est,
1068 2339 1119 2381 de
1173 2354 1256 2395 quo
1302 2353 1427 2381 versu
1474 2339 1587 2382 infra
1632 2339 1755 2381 nobis

258 2413 471 2470 agendum
493 2413 590 2456 erit.
631 2412 787 2464 Quodsi
810 2413 923 2455 recte
944 2410 1200 2466 scripturam
1223 2412 1414 2466 obestque
1434 2410 1754 2466 praeferendam

257 2499 348 2529 esse
378 2485 621 2536 statuimus,
652 2499 747 2526 cum
779 2498 944 2526 versus:

471 2559 599 2599 Immo
630 2559 752 2599 eliam
783 2557 918 2598 taedet
948 2557 1138 2610 obestque
1168 2557 1299 2609 mayis

258 2643 434 2673 mancus
471 2629 549 2680 sit,
596 2628 758 2684 aliquid
798 2627 1066 2670 inserendum
1106 2629 1184 2670 est.
1254 2626 1311 2668 Et
1348 2627 1468 2668 varia
1516 2626 1597 2669 viri
1642 2626 1756 2668 docti

258 2701 485 2746 inseruere.
533 2699 629 2743 Non
661 2701 786 2756 pauci
817 2700 870 2743 ad
902 2700 1030 2742 verba
1062 2700 1162 2742 nihil
1185 2700 1332 2753 fecisse
1352 2700 1521 2754 benique
1541 2711 1646 2753 opus
1667 2710 1755 2739 esse

259 2774 388 2817 verbo
419 2773 543 2817 finito
574 2773 661 2817 rati
686 2773 968 2828 scripserunt:

1280 2843 1380 2884 nihil
1408 2842 1555 2894 fecisse
1588 2841 1755 2893 benique
