1950 3256
934 148 991 190 64

327 266 580 310 Baehrensii
619 269 763 310 autem
802 267 1036 319 sententia,
1077 266 1149 322 qui
1187 266 1295 309 tales
1327 265 1560 322 scripturas
1592 264 1636 307 in
1673 264 1712 308 D

207 339 431 383 restitutas
482 352 571 382 esse
618 340 761 380 censet
800 353 825 380 a
873 336 1062 391 librario,
1111 339 1185 394 qui
1233 338 1391 381 maiore
1438 337 1713 393 antiquitatis

207 412 344 468 speeie
390 411 550 454 librum
589 424 710 451 suum
750 409 921 452 afficere
959 409 1109 463 vellet,
1149 425 1244 453 cum
1283 424 1360 466 per
1397 425 1440 453 se
1472 410 1558 453 iam
1590 408 1714 453 dubi-

207 483 364 527 tationi
409 482 592 526 obnoxia
639 497 728 526 esse
772 481 917 533 debet,
967 484 1062 525 tum
1110 485 1336 538 propterea
1383 481 1496 537 quod
1543 482 1714 526 eaedem

211 555 450 610 scripturae
497 554 654 597 eisdem
701 553 803 598 locis
851 555 894 596 et
932 553 974 596 in
1015 554 1054 596 D
1094 556 1138 598 et
1176 553 1222 597 in
1258 553 1294 597 O
1332 555 1498 606 extant,
1541 568 1715 609 prorsus

209 626 471 682 repudianda
519 627 595 667 est.
658 623 799 679 Quare
845 640 924 681 pro
976 628 1092 671 certo
1140 626 1358 669 affirmare
1405 625 1507 668 lieet
1549 625 1626 668 has
1664 624 1714 668 de

209 699 364 754 quibus
403 697 542 741 adhuc
581 697 744 754 egimus
783 697 941 741 formas
979 700 1023 741 in
1063 698 1155 754 ipso
1186 697 1227 740 V
1265 699 1464 741 exaratas
1503 696 1632 740 fuisse
1671 698 1715 739 et

208 770 305 813 inde
337 770 382 812 in
414 768 454 811 D
487 769 719 812 transiisse.

327 841 420 891 Quo
459 841 738 884 fundamento
777 842 860 885 nisi
900 841 986 884 iam
1026 841 1179 884 fortius
1211 840 1534 898 progrediemur
1566 842 1611 882 et
1644 854 1715 884 eas

210 928 377 970 quoque
410 914 570 956 formas
601 914 775 969 priscas,
809 929 918 970 quae
949 914 994 956 in
1027 915 1116 956 solo
1145 914 1199 967 D,
1232 929 1317 957 non
1349 914 1392 956 in
1417 912 1453 955 Ο
1486 912 1715 964 habentur,

212 987 266 1029 ad
298 987 455 1029 librum
488 985 530 1028 V
561 986 812 1030 referemus:

333 1057 437 1111 55,2

425 1133 619 1174 Demos-t
634 1145 728 1182 res,
761 1131 830 1172 ubi
860 1133 941 1173 sint
963 1137 1059 1173 tuae
1080 1132 1285 1174 tenebrae.

330 1206 564 1246 Demostres
605 1203 768 1246 habent
804 1202 845 1245 D
884 1205 928 1245 et
965 1203 1078 1245 alter
1109 1202 1423 1245 Laurentianus
1456 1199 1559 1258 (La'
1601 1199 1715 1255 apud

210 1275 442 1332 Ellisium),
475 1277 692 1318 demostret
724 1291 768 1328 a,
801 1275 932 1317 ceteri
964 1275 1173 1317 usitatum
1206 1276 1454 1316 demonstres
1486 1273 1714 1322 exhibent3

210 1348 262 1390 cf.
298 1346 618 1390 Fleckeisenum
650 1347 695 1388 in
727 1346 870 1389 Iahnii
902 1362 1002 1391 ann.
1037 1345 1113 1388 LX
1143 1362 1185 1402 p.
1221 1346 1321 1389 261.

328 1418 492 1462 Ibidem
513 1435 557 1476 p.
579 1419 667 1462 255
699 1418 810 1460 idem
839 1418 903 1461 vir
935 1418 1082 1462 doctus
1114 1419 1207 1476 agit
1237 1419 1289 1461 de
1320 1418 1534 1473 scriptura
1567 1429 1708 1467 cassa,

209 1507 340 1548 quam
373 1491 411 1533 D
446 1492 549 1544 6‚10
581 1491 737 1535 habet:

423 1563 596 1605 Attritus
627 1565 865 1618 tremulique
900 1578 1058 1606 cassa
1090 1565 1195 1608 lecti.

208 1636 259 1679 In
291 1635 431 1679 codice
471 1650 495 1678 a
535 1650 657 1678 cassa
695 1638 946 1691 corruptum
978 1639 1043 1678 est
1074 1636 1118 1679 in
1152 1651 1266 1688 casa,
1299 1635 1341 1677 in
1373 1634 1526 1677 ceteris
1557 1647 1712 1689 quassa

210 1708 420 1764 scriptum
454 1710 530 1750 est.

331 1779 433 1831 23‚8

425 1852 573 1894 Pulcre
606 1855 929 1908 conquoquitis,
961 1854 1062 1895 nihil
1092 1853 1254 1894 timetis.

335 1924 626 1980 Conqnoqnilis
677 1925 809 1967 habet
857 1923 920 1977 D,
979 1927 1228 1980 concoquilis
1279 1921 1429 1972 ceteri3
1484 1921 1536 1966 cf.
1588 1920 1714 1965 Lucr.

211 1996 275 2039 VI
309 1995 410 2039 858.

332 2068 493 2123 61‚127
528 2067 655 2127 (120)

426 2143 709 2184 Fascenm‘na
740 2143 889 2184 locutio

329 2213 383 2257 In
405 2212 442 2256 G
474 2215 518 2257 et
548 2213 592 2256 in
615 2214 829 2269 plerisque
851 2213 971 2256 libris
989 2214 1111 2256 extat
1130 2213 1383 2267 fescennina,
1407 2209 1452 2253 in
1474 2209 1512 2252 D
1534 2211 1707 2264 fascea-

211 2289 309 2330 m'na
326 2289 370 2329 et
387 2286 498 2328 idem
519 2286 586 2329 vel
604 2286 742 2328 simile
760 2285 920 2341 aliquid
937 2285 983 2328 in
1004 2284 1040 2326 B
1063 2287 1106 2327 et
1128 2283 1223 2326 aliis
1245 2282 1496 2339 quibusdam
1518 2281 1714 2342 habetur.

212 2358 429 2414 Explicari
462 2360 605 2412 potest
636 2358 741 2401 haee
763 2357 977 2412 scriptura
1009 2356 1121 2408 inde,
1153 2355 1266 2410 quod
1289 2358 1452 2398 veteres
1474 2354 1555 2396 hoc
1577 2353 1717 2396 adiec-

213 2431 348 2473 tivum
380 2445 405 2472 a
436 2444 537 2473 voce
567 2432 755 2485 fascinus
790 2429 1056 2472 derivabant.
1106 2428 1222 2479 Quae
1255 2426 1462 2470 derivatio
1485 2425 1571 2468 iam
1593 2424 1718 2467 Festo

213 2505 315 2544 nota
353 2504 467 2553 erat,
513 2515 564 2543 ex
601 2517 685 2557 quo
727 2501 884 2544 Paulus
916 2516 957 2556 p.
992 2500 1049 2544 85
1083 2500 1184 2544 haec
1224 2499 1455 2554 excerpsit:
1493 2499 1718 2552 fescennini

213 2589 368 2626 versus,
401 2576 470 2629 qui
502 2576 756 2618 canebantur
786 2575 828 2615 in
861 2575 1025 2627 nuptiis,
1048 2587 1101 2614 ex
1132 2574 1232 2614 urbe
1254 2573 1506 2614 Fescennina
1527 2572 1717 2612 dicuntur

213 2649 330 2688 allati
375 2648 460 2688 sive
506 2648 597 2689 ideo
645 2649 783 2703 dicti„
811 2647 908 2700 qnia
956 2647 1212 2698 fascinum
1259 2645 1513 2698 putabantur
1560 2656 1717 2684 arcere.

213 2717 364 2772 Itaque
405 2718 617 2772 scriptura
656 2717 732 2759 illa
770 2731 855 2759 non
895 2716 1064 2758 videtur
1101 2716 1283 2772 simplici
1325 2729 1466 2757 errore
1508 2717 1604 2756 orta
1645 2712 1716 2754 sed

214 2789 453 2843 antiquitus
489 2789 648 2830 tradita
688 2803 789 2832 esse.
854 2787 933 2830 Sed
973 2788 1178 2842 quidquid
1210 2788 1260 2830 de
1291 2787 1378 2828 eius
1411 2787 1574 2842 origine
1607 2785 1717 2827 iudi-
