1950 3256
941 187 994 231 18

214 308 371 352 sionem
419 307 731 352 restituendam
776 322 913 364 neque
960 307 1142 364 denique
1187 308 1360 352 omnino
1408 308 1575 352 videtur
1613 323 1714 360 esse,

213 398 288 427 cur
339 382 472 425 talem
518 381 834 436 responsionem
879 379 1010 423 fuisse
1040 393 1298 423 censeamus
1370 378 1556 433 Accedit,
1603 383 1715 438 quod

212 453 490 511 participium
537 459 798 508 prosternens
837 451 941 495 satis
981 451 1098 494 facili
1138 465 1281 494 errore
1319 467 1345 495 a
1375 451 1552 496 librario
1589 453 1717 497 scribi

212 529 385 582 poterat
430 525 577 582 paullo
626 524 903 568 antecedente
949 523 1178 579 participio
1215 539 1504 580 praecerpens.
1575 525 1715 577 Quare

213 605 444 654 prosternet
477 613 502 641 a
535 597 811 641 Lachmanno
844 597 959 639 recte
991 596 1235 650 praelatum
1268 611 1356 639 esse
1389 598 1664 644 arbitramur.

334 671 463 723 44‚11

432 744 668 784 Orationem
700 756 738 783 m
746 743 760 783 i
769 757 796 784 n
807 755 832 783 a
842 757 868 783 n
877 743 975 782 tiam
1006 743 1132 795 petito
1141 755 1163 782 r
1171 756 1243 783 nm

430 816 598 858 Plenam
627 817 770 856 veneni
801 820 837 855 et
867 815 1123 868 pestilentiae
1156 815 1244 867 leqi.

335 886 457 929 Prior
505 901 649 929 versus
697 885 964 928 Lachmanni
1007 884 1128 927 libris
1167 884 1226 927 sic
1265 885 1471 940 traditur,
1518 887 1584 928 uti
1620 902 1716 931 eum

215 958 433 1014 adscripsi.
498 957 615 1000 Idem
656 958 700 1002 in
733 957 771 1000 G
811 973 835 1000 a
874 959 1112 1000 correctore
1144 957 1339 1000 effectum
1375 961 1440 1001 est
1471 973 1524 1002 ex
1553 960 1717 1015 primae

215 1046 365 1075 manus
398 1031 630 1086 scriptura:

432 1103 628 1145 Oratione
659 1105 897 1144 minantium
925 1106 1150 1156 petitorem.

216 1175 411 1231 Apparet
448 1177 593 1217 autem
631 1175 742 1217 hanc
781 1173 1058 1229 scripturam,
1098 1185 1207 1229 quae
1244 1174 1390 1217 eadem
1429 1175 1472 1217 in
1505 1175 1541 1219 Ο
1581 1178 1716 1229 extat,

214 1248 406 1303 proxime
429 1247 482 1290 ad
503 1262 651 1290 verum
674 1247 890 1289 accedere:
925 1246 1150 1289 dummodo
1171 1247 1300 1290 verba
1322 1250 1437 1290 recte
1459 1247 1718 1302 distinxeris,

215 1320 258 1362 id
290 1320 400 1374 quod
432 1320 516 1362 iam
550 1318 653 1361 Itali
686 1318 891 1371 fecerunt,
925 1333 1073 1361 verum
1105 1319 1258 1362 habes:

433 1393 668 1435 Orationem
699 1394 741 1434 in
774 1392 937 1434 Antium
969 1395 1194 1446 petitorem.

215 1464 368 1507 Altera
415 1467 560 1507 autem
607 1463 684 1506 illa
731 1465 828 1506 orta
873 1467 939 1507 est
985 1479 1010 1507 a
1040 1463 1218 1507 librario
1256 1465 1460 1520 quodam,
1507 1465 1582 1520 qui
1620 1479 1717 1508 cum

215 1537 475 1580 sententiam
523 1536 749 1578 restituere
788 1538 1015 1579 conaretur
1061 1538 1106 1578 et
1144 1537 1404 1580 sententiam
1442 1539 1486 1579 et
1530 1539 1715 1579 metrum

213 1611 343 1665 plane
373 1607 672 1665 pessumdedit.

333 1680 467 1734 45,10

429 1754 490 1795 At
521 1753 664 1795 Acme
696 1755 837 1796 leviter
869 1757 995 1807 capnt
1025 1752 1246 1806 reflectens.

333 1822 598 1867 Lachmanni
620 1825 721 1867 libri
743 1825 949 1867 exhibent
971 1826 1027 1866 ad
1046 1826 1154 1867 hanc
1175 1838 1250 1875 me,
1283 1822 1326 1864 in
1349 1822 1386 1865 G
1408 1825 1631 1867 exaratum
1653 1827 1719 1867 est

214 1899 270 1939 ad
300 1896 379 1939 Ιιᾶσ
410 1911 485 1948 me,
519 1896 590 1939 sed
623 1895 791 1953 virgula
822 1896 899 1939 illa
931 1898 981 1938 ut
1007 1895 1269 1939 Baehrensio
1302 1896 1438 1939 visum
1471 1898 1535 1938 est
1567 1912 1592 1939 a
1623 1911 1718 1939 cor-

212 1972 376 2012 rectore
408 1968 569 2022 addita,
603 1967 639 2011 0
670 1968 850 2025 praebet
882 1970 938 2011 ad
969 1970 1048 2011 hae
1078 1983 1152 2010 me.

335 2040 435 2095 62‚8

428 2114 498 2155 Sic
529 2119 721 2155 certest:
753 2115 872 2156 viden
904 2118 947 2154 ut
971 2115 1195 2166 perniciter
1224 2115 1434 2156 exiluere?

331 2185 595 2229 Lachmanni
626 2185 728 2228 libri
759 2185 962 2228 exhibent
994 2192 1122 2237 certe,
1163 2185 1274 2228 idem
1306 2185 1352 2229 in
1390 2184 1426 2228 G
1465 2187 1606 2238 extat,
1645 2185 1718 2229 sed

211 2261 308 2314 post
347 2272 491 2301 vocem
531 2264 638 2300 certe
675 2258 782 2301 duae
820 2258 994 2300 litterae
1034 2272 1178 2301 erasae
1216 2261 1329 2301 sunt.
1406 2257 1654 2301 Schwabius
1693 2274 1718 2302 a

211 2331 350 2385 prima
390 2345 520 2373 manu
559 2337 703 2372 certest
735 2331 942 2385 scriptum
975 2344 1063 2372 esse
1095 2331 1299 2385 putabat,
1348 2331 1416 2373 sed
1450 2344 1546 2372 cum
1578 2331 1718 2385 prima

210 2402 364 2445 codicis
395 2401 432 2443 Gr
463 2417 616 2445 manus
657 2417 823 2458 semper
863 2403 949 2445 fere
982 2418 1077 2445 cum
1110 2401 1333 2457 scripturis
1364 2402 1516 2445 codicis
1549 2401 1585 2445 Ο
1616 2417 1718 2446 con-

210 2475 392 2525 sentiat,
434 2481 542 2516 certe
581 2477 636 2526 si,
677 2475 789 2529 quod
827 2474 869 2515 in
909 2473 944 2517 Ο
983 2477 1208 2518 exaratum
1248 2476 1332 2526 est,
1379 2475 1422 2517 in
1456 2473 1494 2516 Gr
1525 2474 1718 2518 extitisse

209 2560 343 2601 paene
374 2548 538 2588 eertum
570 2549 648 2589 est.
702 2547 866 2590 Rursus
897 2547 1032 2603 igitur
1063 2548 1277 2602 scriptura
1309 2546 1497 2589 codicum
1533 2547 1571 2589 D
1603 2549 1648 2589 et
1668 2546 1718 2598 L,

209 2632 337 2673 quam
370 2618 544 2660 eandem
579 2623 792 2662 corrector
823 2621 870 2662 in
893 2619 929 2661 G
962 2619 1125 2670 intulit,
1158 2619 1411 2676 integritate
1441 2620 1569 2674 longe
1594 2633 1718 2674 supe·

208 2693 330 2732 ratur
370 2705 396 2732 a
433 2690 574 2733 codice
614 2689 649 2733 Ο
682 2692 726 2731 et
766 2704 790 2732 a
822 2690 963 2745 prima
1004 2707 1134 2734 manu
1167 2690 1320 2733 codicis
1353 2689 1411 2742 G;
1458 2691 1621 2734 accedit
1653 2690 1719 2735 his

209 2764 432 2817 praeterea
469 2762 514 2804 in
551 2762 633 2805 hoc
673 2762 860 2805 carmine
891 2762 1141 2815 Thuaneus,
1181 2763 1255 2818 qui
1297 2763 1442 2806 eadem
1475 2765 1604 2818 atque
1638 2762 1717 2815 illi,

207 2834 277 2876 sed
311 2834 440 2876 aliter
473 2834 675 2877 distincta
711 2837 841 2876 siccer
872 2842 930 2877 {es
962 2838 975 2876 i
1006 2835 1194 2879 exhibet.

1945 996 1950 1028 1

1943 1122 1950 1212 l

1939 1219 1950 1337 l

1942 1437 1950 1511 ξ

1945 1514 1950 1540 l
