1950 3256
937 175 993 216 34

212 294 338 336 huius
375 295 541 351 generis
580 309 674 337 cum
714 294 822 345 sint,
863 293 1024 336 duobus
1063 293 1149 335 iam
1187 293 1240 335 ab
1273 292 1482 350 Hauptio,
1526 295 1655 337 tertio
1687 310 1712 338 a

212 365 436 409 Schwabio
467 381 567 409 vera
600 366 815 421 scriptura
847 366 1024 407 inventa
1057 368 1163 407 erat.

334 450 466 502 62‚63

433 541 570 581 Tertia
601 554 705 594 pars
733 541 870 594 patri
901 540 1042 590 data,
1078 553 1202 594 pars
1232 540 1333 581 data
1364 541 1489 583 tertia
1517 541 1653 582 matri.

333 629 402 673 Sic
434 630 734 673 Lachmannus
766 629 937 684 scripsit
969 631 1137 671 secutus
1170 629 1426 684 scripturam
1458 630 1646 672 codicum
1676 628 1714 670 D

212 706 255 746 et
286 703 333 756 L,
368 703 618 758 quibuscum
651 701 687 743 G
720 700 947 744 consentit.
1008 699 1109 743 Post
1143 700 1463 744 Lachmannum
1498 701 1715 756 Hauptius

212 776 262 817 de
295 775 375 818 hoc
407 790 530 817 versu
564 774 653 831 egit
685 774 728 815 in
762 775 927 828 quaest.
952 771 997 815 C.
1020 788 1061 828 p.
1088 773 1145 815 30
1178 772 1263 828 (op.
1298 771 1380 829 Ip.
1406 774 1495 830 22).
1545 772 1587 815 Is
1618 787 1713 816 cum

213 846 374 890 Catulli
413 849 506 889 arte
545 846 768 902 indignum
809 848 1000 888 censeret
1037 859 1224 897 versum,
1249 845 1339 900 ‘qui
1370 845 1716 900 interpunctione

213 922 310 974 post
355 919 473 974 pedis
521 918 641 960 tertii
689 917 833 959 thesin
883 917 1022 971 posita
1070 917 1113 958 in
1161 918 1265 960 duas
1311 917 1546 972 particulas
1593 931 1716 972 pares

213 991 507 1042 dissecaretur,
541 1005 592 1032 ex
625 990 777 1033 codicis
811 989 1007 1032 Thuanei
1039 989 1271 1044 scriptura:

432 1082 571 1122 Tertia
601 1083 739 1135 patris
769 1095 872 1134 pars
906 1087 963 1123 est
997 1082 1099 1122 dala
1132 1082 1253 1121 tertia
1285 1082 1409 1121 matri

212 1170 561 1225 proficiscendum
579 1185 685 1212 ·esse
716 1172 837 1213 ratus
869 1171 928 1213 sic
959 1184 1127 1212 versum
1160 1169 1460 1212 conformavit:

431 1255 567 1296 Tertia
597 1270 702 1309 pars
732 1256 897 1310 patrist,
929 1269 1032 1308 pars
1064 1260 1122 1295 εει
1155 1255 1257 1296 data
1289 1256 1410 1295 tertia
1442 1255 1576 1295 matri.

215 1326 273 1368 Et
305 1341 565 1381 quamquam
597 1326 639 1367 id
671 1326 825 1381 ipsuffl,
859 1328 969 1382 quod
1000 1328 1046 1369 in
1079 1326 1281 1368 Thuaneo
1313 1328 1445 1377 extat,
1479 1325 1606 1368 nihili
1638 1328 1716 1378 est,

211 1413 358 1441 versus
392 1401 549 1449 autem,
583 1413 707 1453 quem
741 1397 780 1439 D
814 1402 857 1441 et
890 1399 923 1441 L
955 1399 1175 1449 exhibent,
1207 1398 1351 1440 scandi
1383 1399 1538 1453 potest,
1571 1399 1717 1440 tamen

213 1471 303 1526 ipse
336 1470 410 1512 ille
442 1484 615 1522 naeVUS‚
649 1485 775 1525 quem
798 1469 1016 1526 Hauptius
1047 1470 1093 1511 in
1126 1484 1173 1511 eo
1207 1469 1523 1520 animadvertit,
1557 1469 1718 1512 indicat

215 1558 310 1585 eum
343 1557 430 1585 non
462 1558 486 1584 a
520 1541 691 1585 Catullo
721 1543 958 1598 profectum
993 1556 1094 1594 esse,
1132 1542 1203 1583 sed
1235 1543 1427 1585 refictum
1461 1543 1515 1585 ab
1548 1541 1718 1584 homine

215 1616 416 1671 quodam,
458 1615 531 1670 qui
572 1614 712 1657 versui
745 1615 946 1657 mutilato
980 1629 1075 1658 suos
1108 1628 1303 1657 numeros
1335 1615 1509 1657 reddere
1541 1613 1719 1656 studuit.

214 1686 324 1729 Mire
371 1689 513 1730 autem
561 1686 783 1729 stabilitur
829 1688 909 1730 hoc
952 1687 1153 1730 iudicium
1194 1687 1436 1729 testimonio
1476 1685 1629 1729 codicis
1669 1684 1719 1737 O,

214 1760 287 1814 qui
328 1762 370 1801 et
409 1759 499 1813 ipse
538 1773 708 1801 versum
748 1761 995 1814 corruptum
1037 1758 1108 1800 sed
1147 1759 1233 1802 alia
1271 1760 1438 1802 ratione
1470 1760 1719 1814 corruptum

215 1831 401 1874 exhibet.
456 1829 599 1872 Facile
631 1831 744 1873 enim
777 1831 1061 1887 cognoscitur,
1095 1846 1179 1886 qua
1212 1831 1377 1874 ratione
1409 1831 1646 1885 scripturae
1677 1831 1720 1871 et

218 1902 344 1945 huius
376 1902 497 1945 libri:

431 1988 567 2028 Tertia
599 2001 702 2040 pars
733 1991 846 2040 patri
877 1995 935 2029 εει
968 1990 1069 2030 data
1102 1990 1225 2030 tertia
1257 1990 1380 2029 matri

216 2073 258 2113 et
290 2070 442 2112 codicis
476 2070 688 2114 Thuanei:

435 2156 572 2197 Tertia
604 2157 738 2209 patris
768 2170 872 2209 pars
905 2162 962 2198 est
996 2157 1097 2197 data
1129 2157 1250 2197 tertia
1283 2158 1406 2197 matri

217 2241 268 2268 ex
314 2241 362 2268 eo
386 2227 512 2269 'oriri
552 2227 792 2282 potuerint,
842 2228 952 2282 quod
987 2227 1206 2270 Catullum
1247 2227 1463 2282 scripsisse
1503 2225 1720 2282 Hauptius
1765 2282 1767 2284 K

216 2299 477 2354 suspicatur:

434 2385 571 2425 Tertia
601 2398 705 2438 pars
735 2386 849 2438 patri
882 2391 954 2435 εει,
985 2399 1089 2438 pars
1123 2391 1181 2427 est
1214 2386 1315 2426 data
1347 2386 1470 2425 tertia
1501 2385 1638 2425 matri.

217 2453 278 2496 Εο
317 2456 447 2506 enim,
490 2455 599 2510 quod
640 2456 802 2498 scribae
842 2457 988 2499 oculus
1019 2473 1044 2499 a
1075 2458 1217 2513 priore
1256 2463 1314 2499 εει
1353 2455 1406 2498 ad
1446 2455 1628 2498 alterum
1662 2461 1721 2498 εει

217 2527 453 2578 aberravit,
495 2530 636 2569 ortum
677 2531 740 2570 est
779 2529 840 2580 id,
883 2531 994 2584 quod
1033 2530 1077 2572 in
1117 2526 1153 2570 O
1193 2529 1334 2578 extat,
1383 2527 1495 2582 quod
1532 2527 1642 2569 idem
1674 2527 1719 2569 in

217 2597 258 2640 V
288 2599 416 2641 fuisse
457 2602 501 2641 et
540 2600 788 2642 correctoris
829 2601 944 2643 illius
992 2601 1157 2643 metrici
1208 2612 1378 2641 manum
1421 2614 1591 2655 passum
1631 2613 1720 2641 esse

215 2684 370 2724 ponere
410 2671 619 2713 debemus.
684 2670 876 2714 Thuanei
920 2674 1134 2728 scriptura
1173 2672 1232 2714 sic
1271 2674 1366 2713 orta
1407 2674 1489 2722 est,
1532 2673 1581 2713 ut
1617 2685 1720 2725 pars

217 2743 317 2783 ante
347 2745 461 2795 patri
492 2743 776 2794 omitteretur,
811 2743 935 2785 simui
970 2745 1111 2784 autem
1137 2758 1188 2785 ex
1213 2746 1326 2798 patri
1348 2750 1406 2786 est
1428 2742 1550 2785 fieret
1570 2746 1717 2797 patris.

219 2813 407 2856 Priorem
455 2814 587 2870 igitur
635 2828 779 2856 versus
814 2818 980 2870 partem
1029 2818 1142 2857 recte
1190 2817 1377 2858 servavit
1425 2814 1484 2865 Ο,
1535 2815 1718 2857 alteram
