1950 3256
886 164 970 243 ‘12

192 322 312 362 vatos
353 333 441 362 esse
480 321 573 361 tum
613 322 784 362 tantum
824 322 938 362 recte
970 320 1210 378 colligitur,
1252 320 1287 363 si
1318 323 1486 364 constat
1519 322 1618 365 libri
1651 321 1689 365 G

190 394 473 435 correctorem
529 406 580 434 ex
623 405 698 434 suo
743 392 915 447 ingenio
961 393 1204 438 correxisse.
1282 393 1416 449 Atqui
1462 393 1575 437 inter
1620 409 1691 438 eas

189 464 491 515 correctiones,
539 478 648 519 quae
696 467 843 519 aperte
891 463 1023 507 falsae
1069 467 1191 516 sunt,
1245 466 1476 509 nonnullae
1523 469 1690 520 extant,

189 549 371 592 quarum
403 536 523 592 origo
556 536 761 591 explicari
792 551 877 578 non
909 539 1066 592 potest,
1106 536 1189 579 nisi
1219 540 1501 581 correctorem
1533 539 1690 582 librum

189 607 227 650 G
273 622 368 650 cum
417 608 501 650 alio
555 607 695 651 codice
747 623 1013 664 comparasse
1061 608 1232 664 eiusque
1279 609 1514 665 scripturas
1561 611 1607 654 in
1653 610 1690 654 G

188 680 383 722 intulisse
421 681 632 735 ponimus.
695 680 815 731 Quod
855 684 903 723 ut
935 681 1128 737 exemplo
1160 681 1438 733 illustremus,
1479 685 1691 726 corrector

190 751 351 804 64‚309
391 755 487 795 ville
527 753 638 808 quod
678 768 824 796 verum
864 756 929 795 est
966 753 1154 796 mutavit
1193 753 1237 795 in
1268 756 1394 803 vicle;
1433 756 1535 796 victe
1566 769 1690 798 sensu

188 839 353 867 cassum
401 828 444 867 et
492 828 638 880 aperte
678 828 925 880 corruptum
970 828 1034 868 est
1073 827 1202 880 atque
1240 825 1444 869 eiusmodi
1483 829 1548 868 est
1586 826 1691 870 haec

188 897 451 952 corruptela,
501 900 550 939 ut
589 898 630 940 id
668 912 753 940 non
795 895 988 938 consulto
1030 895 1082 937 ad
1121 897 1430 940 emendandum
1470 897 1690 941 Catullum

188 968 359 1021 fictum,
399 969 471 1011 sed
509 969 690 1025 simplici
730 968 897 1011 librarii
937 968 1214 1011 describentis
1253 984 1396 1012 errore
1428 973 1571 1012 ortum
1602 985 1690 1014 esse

187 1045 408 1097 appareat.
473 1040 595 1084 Unde
633 1041 855 1098 colligitur
891 1042 1172 1083 correctorem
1219 1041 1319 1084 libri
1358 1040 1396 1084 G
1433 1042 1475 1085 id
1515 1056 1598 1085 non
1639 1057 1691 1086 ex

189 1128 264 1157 suo
305 1113 497 1170 ingenio,
546 1115 596 1155 ut
635 1112 920 1155 Baehrensius
961 1112 1074 1163 vult,
1123 1113 1194 1155 sed
1234 1128 1285 1155 ex
1322 1114 1474 1166 codice,
1523 1114 1566 1156 iu
1606 1129 1690 1171 quo

186 1189 289 1229 victe
329 1185 495 1229 librarii
536 1185 807 1243 neglegentia
846 1185 1054 1240 scriptum
1097 1187 1211 1237 erat,
1260 1186 1498 1241 sumpsisse.
1572 1186 1691 1230 Idem

188 1258 299 1314 quod
332 1258 382 1300 de
415 1257 495 1300 hoc
526 1257 618 1299 loco
650 1258 699 1300 de
725 1257 820 1299 aliis
843 1257 1096 1312 quibusdam
1120 1258 1451 1300 correctionibus
1473 1257 1690 1301 affirmare

188 1330 289 1373 licet
338 1329 490 1387 (1436
529 1331 601 1371 hec
649 1330 720 1371 tibi
766 1331 874 1371 salse
920 1332 971 1371 sit
1019 1331 1146 1373 abibit
1198 1330 1300 1382 43,8
1354 1337 1475 1385 atque
1528 1329 1690 1382 64‚355

184 1409 447 1457 prosternens
481 1402 639 1453 68,115
673 1408 849 1443 terretur
876 1402 929 1445 cf.
954 1401 1195 1444 Bonnetum
1220 1401 1320 1453 76,5
1345 1404 1537 1453 munemi,
1569 1400 1688 1459 alia),

187 1475 247 1518 ita
281 1477 330 1516 ut
361 1480 476 1517 certe
508 1476 676 1529 partem
709 1475 1017 1516 correctionum
1050 1475 1223 1516 illarum
1260 1477 1450 1517 statuere
1483 1474 1689 1529 possimus

186 1547 421 1603 scripturas
454 1561 542 1588 esse
575 1561 627 1588 ex
659 1546 744 1588 alio
776 1546 886 1589 libro
918 1548 959 1588 in
993 1546 1176 1589 codicem
1206 1545 1242 1588 G
1272 1546 1520 1589 translatas.
1569 1545 1689 1596 Quod

186 1619 221 1660 si
254 1622 368 1662 recte
400 1619 649 1670 statuimus,
688 1619 772 1661 iam
813 1622 956 1661 actum
995 1621 1059 1661 est
1097 1619 1146 1661 de
1179 1617 1429 1660 Baehrensii
1461 1618 1688 1670 sententia,

185 1707 270 1748 qua
301 1694 444 1734 censet
475 1691 755 1733 correctiones
789 1690 888 1733 libri
910 1690 943 1733 G
980 1692 1034 1734 ab
1066 1692 1158 1747 ipso
1191 1690 1329 1732 scriba
1362 1704 1450 1732 esse
1477 1690 1688 1733 inventas.

185 1762 288 1813 Quis
334 1763 445 1805 enim
492 1763 671 1818 negabit
718 1763 811 1805 fieri
857 1778 998 1818 posse,
1047 1765 1097 1805 ut
1134 1777 1278 1805 omnes
1317 1762 1601 1804 correctiones
1639 1776 1691 1805 ex

187 1835 333 1877 eodem
381 1835 491 1878 libro
539 1850 586 1878 ac
633 1849 732 1890 pars
770 1835 846 1877 illa
887 1836 1173 1890 transcriptae
1212 1834 1325 1876 sint?
1387 1833 1523 1876 Immo
1566 1834 1688 1876 valde

186 1907 407 1963 probabile
444 1910 509 1949 est
548 1907 590 1949 id
629 1907 693 1950 ita
731 1906 880 1959 fuisse,
922 1922 1021 1949 nam
1052 1922 1177 1963 quem
1211 1921 1375 1949 summa
1407 1906 1612 1964 religione
1644 1906 1686 1948 in

189 1979 524 2023 transcribendis
547 1979 801 2035 corruptelis
825 1979 888 2021 uti
911 1979 1116 2030 videmus,
1149 1979 1396 2034 putabimus
1419 1993 1514 2020 eum
1537 1992 1687 2020 ausum

186 2065 274 2094 esse
306 2052 442 2094 libero
475 2051 655 2094 arbitrio
688 2052 818 2094 verba
850 2054 1002 2107 poetae
1034 2052 1291 2094 immutare?

304 2123 396 2166 Iam
429 2125 482 2167 ad
515 2123 757 2166 Bonnetum
791 2123 927 2166 redire
960 2124 1073 2166 licet.
1137 2122 1179 2164 Is
1212 2122 1343 2174 idem,
1385 2121 1497 2177 quod
1531 2135 1605 2163 nos
1637 2136 1688 2164 ex

186 2196 376 2255 vestigiis
418 2196 672 2252 quibusdam
714 2195 882 2239 efficere
920 2195 1179 2246 studuimus,
1220 2193 1419 2251 diligenti
1458 2193 1687 2250 titulorum

184 2266 285 2309 libri
333 2265 368 2308 G
415 2267 751 2311 consideratione
798 2268 1039 2311 luculenter
1086 2265 1397 2310 demonstravit
1443 2264 1603 2308 librum
1650 2264 1687 2308 G

185 2343 421 2382 correctum
461 2354 550 2382 esse
583 2340 741 2383 collato
774 2340 858 2383 alio
891 2341 1013 2384 libro.
1077 2340 1204 2383 Hunc
1235 2338 1391 2381 librum
1424 2352 1591 2380 necesse
1623 2339 1688 2379 est

186 2411 369 2453 censoris
402 2427 576 2454 manum
609 2427 782 2467 passum
813 2426 914 2464 esse,
953 2416 1180 2469 propterea
1212 2410 1322 2467 quod
1355 2410 1397 2451 in
1432 2410 1466 2453 G
1501 2426 1524 2452 a
1557 2425 1686 2453 manu

187 2484 369 2525 secunda
390 2483 659 2526 coniecturae
687 2484 821 2526 falsae
844 2484 1072 2537 habentur,
1106 2484 1259 2540 quibus
1282 2485 1326 2525 et
1348 2481 1383 2525 Ο
1406 2488 1449 2526 et
1471 2482 1530 2526 G¹
1555 2485 1685 2526 caret.

187 2553 383 2597 Ceterum
425 2558 571 2597 utrum
611 2557 646 2597 is
686 2555 817 2598 fuerit
857 2557 1135 2612 apographon
1175 2556 1327 2600 codicis
1359 2556 1400 2599 V
1438 2571 1493 2599 an
1525 2555 1613 2611 ipse
1645 2552 1686 2595 V

186 2629 284 2682 post
330 2626 560 2682 descriptos
609 2627 643 2670 O
691 2629 734 2669 et
782 2627 817 2670 G
861 2628 915 2670 ab
967 2627 1138 2671 homine
1190 2629 1313 2672 docto
1359 2630 1573 2671 correctus
1615 2626 1684 2678 sit,

186 2697 405 2741 Bonnetus
437 2698 479 2740 in
513 2700 640 2742 dubio
673 2699 848 2755 reliquit
881 2702 924 2742 et
952 2703 1124 2755 poterat
1154 2701 1406 2755 relinquere,
1439 2698 1550 2742 nihil
1573 2699 1684 2741 enim

186 2770 266 2813 hoc
296 2770 402 2814 facit
433 2772 486 2814 ad
517 2786 619 2815 rem.

305 2843 370 2885 Ex
400 2843 458 2885 eis
481 2858 591 2899 quae
614 2843 752 2887 adhuc
775 2843 1085 2899 disputavimus
1108 2844 1212 2886 satis
1235 2845 1414 2899 apparet
1435 2842 1686 2886 Baehrensii
