1950 3256
913 185 970 226 74

191 305 326 357 prium
358 306 408 345 sit
432 306 602 346 hominis
623 319 766 347 nomen
779 320 795 353 ;
829 306 1015 356 turbinis,
1048 307 1083 346 si
1105 308 1326 359 procellam
1348 307 1592 350 voluerimus
1614 324 1695 351 ex-

191 377 368 429 primere
409 383 479 417 aut
520 378 562 418 in
594 390 662 427 eo,
703 378 832 431 inquit
866 378 1040 428 Plinius,
1089 379 1159 432 qui
1190 383 1247 420 cst
1279 380 1321 422 in
1353 381 1442 422 lusu
1473 393 1694 433 puerorum

191 450 271 490 etc.
306 450 349 490 et
381 447 528 502 paullo
560 451 677 503 post:
713 449 872 491 Turben
907 450 1104 492 Tibullus:

406 521 591 575 Namque
623 534 727 575 aym·
758 528 801 562 ut
830 534 905 574 per
932 523 1060 574 plana
1093 524 1194 565 citus
1222 523 1311 565 sola
1336 525 1503 566 verbere
1526 525 1695 574 turbem

192 607 309 648 quem
346 594 465 634 Maro
490 593 570 634 VII
597 594 808 636 turbonem
839 600 981 636 vocat:

763 671 893 708 tortus
924 667 998 708 sub
1031 667 1200 708 verbere
1232 669 1363 709 turbo.

191 736 308 780 Haec
348 736 430 779 duo
471 737 851 793 grammaticorum
893 737 1161 790 testimonia,
1200 738 1307 781 illud
1340 737 1477 781 Servii
1515 743 1558 782 et
1593 740 1696 784 haec

191 808 401 859 Charisii,
439 808 475 851 si
508 807 602 863 quis
635 808 782 864 paullo
814 809 1053 852 accuratius
1085 811 1371 865 perpenderit,
1406 812 1531 866 plura
1563 812 1697 855 offen-

191 881 290 924 dere
322 880 492 923 debent.
547 879 738 923 Primum
771 884 815 924 et
846 882 891 924 in
915 880 1099 938 Vergilii
1132 881 1237 925 Aen,
1270 881 1356 924 VII
1389 883 1473 925 378
1496 885 1615 926 turbo
1654 886 1698 926 et

190 952 234 994 in
271 951 431 995 Tibulli
465 952 487 994 I
509 951 581 1004 5‚3
614 954 757 995 turben
788 953 839 996 de
870 968 1098 1008 puerorum
1131 954 1227 996 lusu
1260 954 1435 1005 dicitur3
1469 955 1513 998 in
1536 955 1698 999 Catulli

196 1027 341 1066 autem
375 1038 513 1076 versu,
547 1024 598 1067 de
630 1039 714 1080 quo
746 1025 907 1081 agitur,
939 1027 1058 1070 turbo
1092 1025 1208 1071 idem,
1234 1030 1298 1068 est
1330 1041 1379 1069 ac
1401 1028 1601 1082 procella,
1634 1027 1698 1070 ita

192 1099 243 1138 ut
276 1097 418 1139 minus
460 1099 560 1152 apte
594 1096 755 1139 Catulli
796 1111 926 1152 quam
958 1097 1120 1140 Tibulli
1152 1112 1295 1140 versus
1328 1114 1421 1142 cum
1459 1098 1640 1155 Vergilii
1671 1115 1697 1142 a

193 1167 340 1211 Servio
373 1169 567 1225 componi
601 1168 808 1212 videatur.
858 1169 967 1211 Tum
1000 1170 1106 1213 illud
1140 1170 1448 1225 respiciendum
1472 1174 1549 1223 est,
1584 1172 1696 1227 quod

190 1238 408 1284 Charisius
417 1240 580 1284 Tibulli
598 1241 768 1296 quidem
787 1245 831 1283 et
843 1240 1023 1298 Vergilii
1044 1257 1188 1286 versus
1203 1244 1354 1286 laudat
1370 1248 1500 1298 atque
1512 1242 1695 1300 Vergilii

113 1331 116 1334 ⁴
190 1313 371 1356 eundem
388 1313 511 1355 illum
530 1312 616 1356 VII
639 1312 739 1365 378,
764 1313 817 1356 ad
834 1327 960 1367 quem
983 1312 1118 1356 Servii
1135 1315 1359 1361 annotatio
1376 1315 1535 1370 scripta
1552 1319 1629 1367 est,
1642 1316 1697 1358 de

190 1384 362 1429 Catullo
386 1388 521 1436 tacet;
545 1387 768 1441 praeterea
785 1386 898 1440 quod
914 1400 965 1428 ex
990 1386 1127 1441 primo
1150 1384 1283 1427 trium
1301 1385 1472 1428 illorum
1491 1387 1694 1438 locorum,

189 1457 262 1499 ubi
279 1458 359 1500 ait:
383 1472 464 1500 non
480 1464 523 1499 ut
533 1458 699 1511 quidam
709 1459 826 1499 stulte
835 1459 900 1500 hic
909 1459 1053 1501 turben
1062 1459 1253 1500 dixerunt
1269 1471 1296 1511 p
1308 1473 1332 1499 u
1343 1473 1364 1500 e
1375 1474 1539 1501 rorum
1548 1492 1560 1510 ,
1576 1458 1697 1502 colli-

188 1530 308 1588 gitur
331 1530 369 1572 ei
391 1529 498 1572 illud
518 1532 691 1591 tantum
715 1532 864 1572 notum
884 1529 1012 1572 fuisse
1031 1529 1140 1573 hanc
1157 1530 1268 1572 vocis
1287 1530 1468 1573 formam
1487 1531 1537 1573 de
1554 1531 1696 1574 oblec-

188 1601 350 1645 tamine
372 1616 668 1658 puerorum,
703 1616 787 1645 non
811 1601 861 1644 de
882 1603 1070 1658 procella
1093 1604 1343 1658 usurpatam
1366 1617 1466 1645 esse.
1502 1603 1697 1658 Denique

188 1675 233 1716 in
273 1673 409 1717 Servii
456 1673 702 1717 testimonio
750 1675 922 1729 praeter
962 1673 1125 1717 Catulli
1172 1674 1420 1717 memoriam
1469 1675 1576 1717 nihil
1616 1677 1694 1726 est,

191 1746 302 1802 quod
346 1760 431 1789 non
471 1746 585 1801 apud
619 1744 860 1788 Charisium
901 1745 1126 1789 habeatur.
1191 1745 1352 1796 Quibus
1391 1745 1585 1790 omnibus
1617 1745 1698 1788 hoc

189 1818 358 1860 videtur
404 1817 687 1861 demonstrari
734 1820 777 1859 et
827 1815 962 1860 Servii
1009 1820 1052 1859 et
1092 1816 1274 1861 Charisii
1315 1816 1612 1861 adnotationes
1645 1831 1698 1859 ex

192 1890 335 1933 eodem
369 1889 488 1932 fonte
520 1888 735 1932 derivatas
759 1903 862 1941 esse,
895 1889 984 1931 eius
1006 1892 1149 1932 autem
1172 1890 1354 1932 formam
1377 1892 1425 1931 ut
1446 1888 1695 1944 pleniorem,

190 1963 249 2006 sic
288 1962 506 2018 puriorem
544 1960 775 2003 servavisse
808 1960 1068 2014 Charisium,
1107 1960 1243 2005 Servii
1277 1976 1374 2004 vero
1406 1960 1695 2004 testimonium

192 2049 276 2077 11011
308 2033 360 2077 ad
395 2032 613 2077 Catullum
647 2033 718 2075 sed
753 2032 806 2076 ad
838 2032 1059 2077 Tibullum
1090 2034 1310 2089 respicere.
1363 2033 1482 2084 Quod
1515 2033 1550 2074 si
1582 2034 1697 2075 recte

190 2106 434 2157 statuimus,
456 2105 568 2161 apud
587 2104 805 2148 Catullum
822 2107 941 2148 turbo
960 2106 1228 2149 retinendum
1246 2110 1323 2159 est,
1348 2106 1460 2162 apud
1477 2103 1696 2147 Tibullum

190 2181 348 2231 autem,
382 2178 455 2221 ubi
487 2192 632 2220 omnes
664 2177 825 2221 codices
859 2179 994 2221 nostri
1027 2180 1146 2221 turbo
1178 2179 1397 2230 exhibent,
1436 2176 1697 2220 confidenter

194 2252 339 2293 turben
372 2250 695 2293 restituendum.

314 2322 394 2366 Hic
443 2321 574 2364 etiam
615 2337 751 2377 pauca
793 2325 943 2365 contra
984 2321 1181 2365 Ellisium
1221 2322 1428 2365 monenda
1469 2324 1581 2372 suut,
1623 2321 1697 2376 qui

191 2410 231 2450 p.
273 2393 445 2437 XXXII
498 2393 548 2436 de
596 2394 750 2437 codicis
797 2393 835 2436 D
876 2398 1034 2437 natura
1074 2394 1283 2438 disserens
1323 2394 1556 2449 scripturas
1588 2407 1696 2436 non-

191 2465 335 2508 nullas
369 2478 421 2507 ex
453 2479 502 2507 eo
534 2467 788 2521 composuit,
821 2482 927 2521 quas
965 2466 1272 2522 antiquitatem
1305 2466 1515 2521 quandam
1549 2479 1696 2520 sapere

192 2536 443 2579 arbitratur,
509 2537 601 2587 Qua
643 2538 688 2580 in
730 2553 774 2580 re
813 2539 941 2596 longe
981 2554 1006 2581 a
1043 2553 1142 2581 vero
1182 2538 1399 2582 aberravit
1438 2538 1502 2579 vir
1533 2538 1695 2590 doctus,

191 2622 292 2651 nam
326 2608 413 2651 fere
445 2623 591 2653 omnes
625 2609 723 2653 illas
755 2625 862 2666 quas
893 2610 1045 2653 attulit
1078 2610 1311 2666 scripturas
1335 2609 1463 2652 meris
1484 2609 1696 2652 erroribus

193 2689 309 2723 ortas
363 2695 450 2724 esse
500 2684 667 2724 certum
720 2685 798 2726 est,
863 2681 1012 2724 Veluti
1060 2682 1171 2737 quod
1221 2683 1352 2734 1214
1399 2696 1477 2737 pro
1510 2679 1696 2738 genuino

192 2754 376 2795 Saetaba
409 2753 451 2795 in
476 2751 515 2794 D
541 2754 735 2797 Thessala
768 2755 992 2796 exaratum
1024 2756 1102 2805 est,
1135 2751 1304 2808 vulgari
1326 2752 1402 2794 illo
1423 2751 1695 2794 librariorum

197 2838 338 2870 errore
373 2827 522 2869 natum
563 2828 649 2878 est,
690 2839 774 2881 quo
812 2825 1000 2867 ordinem
1041 2824 1306 2881 singularum
1347 2823 1569 2866 literarum
1602 2837 1700 2884 pcr-
