1950 3256
1013 239 1069 282 ⁷3

293 375 398 419 agro
428 360 617 419 ponitur,
647 361 699 404 de
730 373 815 416 quo
835 358 986 404 Festus
1015 375 1057 416 p.
1081 359 1164 402 244
1200 359 1280 402 hoe
1311 358 1435 402 dicit:
1467 361 1598 402 saltus
1628 365 1686 401 est
1722 359 1792 400 ube·

292 436 422 478 attane
456 427 504 476 ⁶et
548 435 760 488 pastiones
804 430 917 483 sunt,
965 445 1138 487 quarum
1178 445 1306 474 causa
1346 446 1470 475 casae
1510 445 1669 486 quoque
1706 432 1787 473 ete.

292 505 363 549 Ita
400 505 676 562 perspicitur,
715 519 801 560 qua
837 504 1006 547 ratione
1044 502 1127 545 dici
1157 504 1309 559 possit:
1361 506 1491 546 saltus
1521 504 1643 546 habet
1673 505 1715 544 in
1746 517 1789 544 se

293 584 422 634 prata
454 591 559 620 arva
591 579 773 632 inyemes
802 578 928 619 silvas
960 577 1170 631 saltusque
1199 576 1464 630 paludesque.
1529 573 1788 617 Monendum

293 651 438 694 autem
470 652 548 700 est,
582 652 764 703 inyemes
780 661 833 691 ne
863 647 916 690 ad
948 647 1087 689 solum
1116 648 1256 698 siloas,
1279 646 1350 688 sed
1382 646 1435 689 ad
1458 646 1543 690 tria
1565 646 1643 689 illa
1662 648 1790 688 silvas

259 761 265 769 ,
292 723 501 777 saumque
531 722 782 776 paludesque
812 718 1028 762 trahatur.
1076 717 1146 761 Me
1177 718 1312 774 igitur
1346 717 1483 760 fateor
1515 718 1625 761 hane
1655 717 1790 773 serip-

295 796 439 836 turam
480 807 622 835 veram
663 795 706 835 et
743 807 769 834 a
801 789 972 834 Catullo
1011 789 1244 846 profectam
1286 792 1454 844 putare.
1525 787 1673 846 Neque
1710 789 1789 832 hoe

293 863 328 905 si
365 863 429 907 ita
473 877 562 906 esse
608 864 823 919 ponimus,
870 861 1046 904 dubium
1091 864 1176 913 est,
1226 861 1334 904 unde
1375 860 1537 904 Datani
1575 860 1789 916 scriptura

292 935 502 992 originem
549 937 744 978 traxerit.
819 932 931 977 Nam
974 948 1070 977 eum
1118 934 1163 976 in
1209 933 1394 991 genuina
1435 932 1649 989 scriptura
1686 933 1790 975 insit

293 1005 466 1049 lieentia
499 1007 689 1059 metrica,
722 1022 807 1063 qua
838 1006 932 1062 quis
963 1005 1087 1048 facile
1119 1004 1270 1047 adduci
1303 1004 1505 1060 potuerit,
1539 1007 1588 1046 ut
1619 1018 1788 1047 versum

292 1081 542 1135 corruptum
604 1079 894 1129 existimaret,
954 1075 1116 1120 Datani
1174 1079 1317 1119 autem
1379 1077 1591 1132 scriptura
1650 1078 1789 1119 metro

291 1149 463 1206 egregie
494 1151 737 1200 conveniat,
766 1149 877 1192 hane
909 1151 1145 1192 statuemus
1178 1162 1230 1190 ex
1262 1147 1338 1190 illa
1366 1147 1616 1204 corrigendo
1648 1150 1789 1190 ort-am

292 1235 393 1265 esse.

414 1293 575 1346 64‚107

507 1367 762 1409 Indomitus
794 1366 928 1407 turbo
961 1371 1232 1419 contorquens
1261 1364 1423 1417 flamine
1454 1364 1592 1405 robur.

411 1436 529 1481 Haec
560 1437 862 1480 Lachmannus
894 1435 937 1476 in
968 1434 1107 1489 prima
1138 1435 1322 1478 editione
1352 1435 1536 1490 scripsit,
1568 1436 1639 1478 sed
1670 1438 1789 1491 post-

291 1524 420 1565 quam
453 1507 704 1566 Spengelius
738 1509 976 1551 indomitum
1005 1508 1149 1549 turben
1181 1507 1447 1550 scribendum
1478 1507 1715 1562 proposuit,
1745 1511 1789 1549 et

293 1580 593 1624 Lachmannus
611 1580 721 1623 hane
738 1578 1027 1622 coniecturam
1049 1579 1091 1620 iu
1113 1593 1211 1635 app.
1228 1580 1324 1622 erit.
1351 1578 1548 1621 editionis
1577 1593 1790 1622 commen-

291 1652 413 1695 davit
429 1654 474 1694 et
482 1650 699 1707 Hauptius
716 1651 874 1705 aliique
889 1664 982 1693 eam
999 1651 1043 1693 in
1062 1654 1183 1692 textu
1201 1653 1446 1706 posuerunt.
1469 1650 1613 1707 Atque
1629 1651 1791 1695 duobus

293 1723 460 1767 indiciis
505 1725 742 1766 commotus
786 1720 1038 1778 Spengelius
1084 1722 1143 1765 sie
1190 1721 1409 1765 Catullum
1457 1722 1673 1778 scripsisse
1710 1724 1791 1766 sibi

295 1793 522 1849 persuasit.
570 1793 762 1836 Primum
794 1792 906 1835 enim
939 1795 1047 1837 liber
1071 1793 1176 1837 Dati
1209 1794 1383 1837 exhibet
1403 1796 1639 1837 indomitum
1670 1797 1790 1839 turbo

294 1879 373 1921 pro
402 1867 640 1910 ceterorum
674 1865 880 1908 librorum
912 1865 1125 1920 scriptura
1161 1867 1380 1909 indomitus
1410 1867 1542 1910 turbo.
1606 1866 1715 1910 Tum
1746 1867 1790 1910 in

294 1936 434 1981 Servii
482 1951 632 1981 eornm.
679 1937 732 1980 ad
773 1936 1003 1980 Aeneidem
1043 1936 1232 1989 V11‚378
1272 1936 1375 1981 haec
1411 1941 1582 1983 extant:
1633 1941 1792 1990 Turbo;

294 2012 477 2054 Catullus
522 2013 599 2053 hoc
645 2011 788 2052 turben
834 2010 933 2051 dicit
978 2016 1021 2051 ut
1065 2012 1142 2052 hoc
1182 2025 1358 2053 carmen.
1422 2013 1497 2054 Est
1544 2016 1678 2055 autem
1725 2015 1791 2055 hie

292 2085 426 2135 turbo,
457 2085 566 2126 unde
597 2083 770 2124 turbinis
799 2083 916 2135 facit.
967 2083 1073 2125 Nam
1100 2086 1136 2126 si
1159 2085 1357 2126 Turbonis
1373 2085 1440 2134 sit,
1473 2087 1548 2126 en't
1570 2099 1598 2126 a
1617 2087 1790 2140 proprio

297 2158 456 2198 nomine
499 2157 720 2210 qenetivus.
784 2153 926 2208 Atque
973 2153 1084 2208 quod
1130 2155 1174 2198 in
1224 2154 1263 2197 D
1309 2156 1547 2198 indomitum
1589 2156 1788 2208 habetur,

294 2225 395 2268 huie
425 2224 488 2267 rei
519 2239 605 2269 non
638 2225 814 2268 nimium
847 2225 1122 2268 tribuendum
1154 2225 1337 2277 videtur,
1370 2241 1466 2269 eum
1498 2228 1614 2271 facili
1646 2243 1789 2272 errore

290 2297 547 2341 adieetivum
578 2293 904 2340 indomitus'aut
934 2297 986 2340 ad
1020 2311 1164 2340 vocem
1193 2301 1335 2352 pinum
1366 2299 1596 2342 assimilari
1627 2302 1705 2343 aut
1735 2301 1789 2343 ad

290 2370 418 2412 robur
475 2368 592 2411 trahi
651 2369 855 2425 potuerit.
938 2368 1006 2412 Ad
1057 2367 1251 2411 Servium
1311 2372 1456 2413 autem
1508 2375 1789 2427 provocantes

293 2441 519 2499 neglegere
551 2455 636 2484 non
675 2441 830 2484 debent
862 2440 1125 2492 Chal-isium,
1164 2441 1239 2496 qui
1270 2442 1313 2484 in
1346 2442 1446 2486 inst.
1477 2457 1660 2498 gramm.
1693 2443 1715 2485 I
1747 2460 1789 2500 p.

297 2512 355 2554 64
391 2510 446 2555 K.
478 2512 628 2555 scribit
659 2513 783 2556 haec:
828 2513 975 2563 Turbo,
1007 2516 1044 2555 si
1073 2515 1124 2555 sit
1154 2518 1369 2569 proprium
1399 2529 1558 2566 rumen,
1593 2516 1791 2559 Turbonis

297 2586 415 2638 facit,
443 2587 481 2626 si
502 2586 808 2639 appellativum,
831 2586 1028 2634 turbini„
1058 2598 1154 2627 nam
1174 2588 1259 2628 sive
1280 2592 1421 2629 ventus
1440 2589 1526 2628 sive
1547 2602 1627 2642 quo
1649 2589 1790 2631 ludunt

293 2658 427 2710 pueri,
459 2658 526 2698 hie
546 2657 665 2699 turbo
686 2658 847 2706 dicitur,
877 2671 958 2700 non
980 2663 1023 2698 ut
1055 2658 1222 2712 quidam
1252 2660 1371 2700 stulte
1401 2660 1467 2700 hie
1498 2660 1643 2702 turben
1663 2661 1789 2702 dixe-

293 2734 387 2770 runt
416 2742 664 2783 puerorum‚·
693 2742 789 2772 nam
826 2729 1023 2784 Veryt'lius
1053 2731 1181 2772 dixit.-

860 2806 968 2844 torto
997 2802 1072 2844 sub
1106 2802 1272 2844 verbere
1305 2802 1437 2846 turbo.

294 2873 339 2921 et
379 2870 533 2915 ibidem
568 2886 610 2927 p.
653 2871 737 2914 144
769 2873 814 2915 et
849 2872 931 2915 145
954 2871 1006 2915 Κ.
1040 2873 1166 2917 haec:
1216 2874 1350 2916 Turbo
1374 2874 1585 2926 Turbonis,
1617 2877 1652 2916 si
1681 2890 1790 2931 pro-
