1950 3256
1019 201 1077 246 25

420 545 579 589 Eadem
619 545 804 598 ratione,
850 561 936 602 qua
974 547 1017 588 iu
1058 545 1200 602 priore
1235 545 1450 601 particula
1488 544 1539 588 de
1576 544 1717 588 codice
1748 544 1799 596 G,

301 617 344 660 in
366 617 447 661 hac
469 618 607 661 altera
637 618 689 661 de
710 618 821 660 libro
843 617 880 661 Ο
901 633 1075 675 agemus
1095 619 1372 674 congerentes
1394 622 1438 660 et
1458 631 1530 660 eas
1551 616 1800 673 scripturaS,

301 689 455 745 quibus
486 689 523 732 Ο
554 676 818 733 Lachmanni
849 689 972 733 libris
1003 689 1043 731 D
1075 692 1121 732 et
1150 689 1185 731 L
1215 691 1424 746 praestat,
1456 692 1500 732 et
1530 705 1614 742 cas,
1647 689 1800 745 quibus

300 762 360 804 eis
390 761 566 804 inferior
597 765 676 806 est.

419 832 577 876 Eorum
610 837 752 877 autem
784 836 984 889 locorum,
1016 835 1090 890 qui
1122 835 1164 877 iu
1188 834 1225 878 Ο
1256 836 1344 878 sive
1373 835 1532 892 integri
1552 835 1640 878 sive
1661 834 1801 878 minus

303 920 431 961 qnam
477 907 522 948 in
555 906 594 948 D
642 910 687 949 et
719 907 753 950 L
801 907 993 963 corrupti
1030 908 1255 965 leguntur,
1294 908 1379 951 iam
1414 908 1458 951 in
1490 907 1628 964 primo
1659 907 1800 963 capite

304 978 395 1021 fere
425 977 641 1022 dimidiam
672 982 839 1036 partem
871 979 1216 1022 memoravimus:
1250 994 1348 1022 nam
1371 980 1485 1022 inter
1506 979 1802 1035 undequadra-

301 1050 428 1108 ginta
472 1051 568 1094 illos
615 1052 749 1101 locos,
797 1050 950 1105 quibus
997 1051 1179 1094 codicem
1220 1051 1257 1094 G
1304 1054 1381 1094 aut
1426 1052 1517 1108 ipso
1563 1054 1688 1094 textu
1725 1054 1803 1094 aut

301 1122 462 1179 duplici
500 1123 714 1180 scriptura
752 1122 1015 1166 Lachmauui
1046 1124 1178 1166 libros
1216 1125 1464 1178 antecedere
1496 1124 1690 1176 vidimus,
1722 1123 1803 1166 tri-

302 1194 426 1250 ginta
455 1209 530 1238 sex
561 1197 676 1246 sunt,
708 1194 783 1238 nbi
812 1196 943 1238 codex
974 1195 1011 1239 Ο
1041 1210 1137 1238 cum
1168 1195 1205 1238 G
1237 1196 1464 1249 consentit,
1496 1199 1585 1239 tres
1616 1199 1801 1251 tantum,

301 1265 376 1308 ubi
405 1265 560 1309 eisdem
592 1266 746 1323 quibus
778 1265 817 1308 D
850 1269 896 1309 et
925 1267 961 1310 L
990 1267 1153 1310 mendis
1184 1268 1366 1312 laborat.
1423 1268 1487 1312 De
1519 1268 1586 1311 his
1616 1268 1802 1325 triginta

301 1351 375 1380 sex
422 1339 525 1381 locis
570 1353 828 1394 quamquam
871 1353 957 1382 non
1003 1339 1185 1396 amplius
1232 1340 1352 1383 nobis
1398 1340 1687 1384 disserendum
1722 1344 1802 1393 est,

302 1411 447 1452 tamen
485 1425 569 1454 non
601 1411 790 1454 alienum
820 1411 990 1455 videtur
1029 1426 1109 1465 eos,
1138 1426 1222 1454 uno
1252 1415 1482 1469 conspectu
1512 1412 1582 1456 hic
1613 1428 1804 1471 compre-

301 1481 507 1528 bendere:
553 1482 751 1535 9,8‘1uus
794 1486 893 1540 11‚3
924 1491 967 1526 ut
1011 1485 1138 1536 11‚10
1169 1487 1303 1528 visens
1344 1484 1443 1537 12‚4
1479 1489 1633 1529 salsum
1675 1488 1803 1540 14,18

302 1557 458 1597 scrinia
489 1555 593 1607 22,4
625 1570 712 1599 esse
743 1571 817 1611 eqo
849 1556 976 1610 28,11
1011 1560 1109 1612 pari
1131 1582 1188 1587 —
1212 1572 1312 1600 casu
1335 1557 1463 1610 34‚2l
1488 1561 1545 1601 sis
1565 1574 1804 1615 quocunque

302 1628 376 1669 tiln·
421 1629 558 1683 placet
610 1628 712 1679 37,9
759 1632 875 1684 atqui
926 1629 1060 1680 5532
1104 1632 1229 1672 vestri
1281 1629 1443 1681 61‚104
1484 1633 1589 1674 volet
1642 1632 1803 1683 61‚166

302 1701 433 1742 omine
478 1699 611 1751 63‚33
657 1702 830 1744 iuvenca
877 1701 1085 1755 63‚42.88
1126 1703 1239 1743 Attin
1287 1702 1418 1754 63‚73
1462 1705 1626 1758 iamque
1671 1702 1804 1756 63:16

301 1773 442 1814 iuncta
504 1771 664 1820 64,355
721 1779 953 1827 prosternet
1012 1774 1141 1827 6624
1193 1780 1289 1816 tunc
1346 1775 1447 1827 91,3
1506 1782 1804 1819 constantemve

306 1842 434 1896 106‚1
468 1859 556 1887 esse
599 1843 671 1895 5,8
708 1845 800 1887 dein
832 1848 939 1888 mille
976 1846 1107 1898 39‚12
1141 1848 1377 1889 Lanuvinus
1412 1847 1542 1899 44‚11
1578 1851 1805 1891 orationem

301 1917 344 1958 in
375 1913 539 1958 Antium
577 1919 793 1971 petitorem
824 1917 896 1969 45,
932 1919 970 1960 l.
988 1919 1029 1961 2.
1045 1917 1104 1961 23
1142 1920 1266 1960 Acme
1297 1918 1431 1971 45‚10
1461 1922 1515 1962 At
1546 1922 1670 1963 Acme
1701 1921 1803 1972 52‚2

300 1989 459 2031 Nonius
505 1988 606 2041 54‚5
660 1991 748 2031 seni
787 1997 949 2033 recocto
997 1990 1099 2042 62‚8
1148 1997 1293 2033 cer-test
1347 1992 1478 2044 10,13
1524 2007 1599 2035 nec
1643 1995 1802 2047 faceret

303 2060 466 2112 61,204
512 2063 628 2115 cupis
675 2064 792 2116 cupis
842 2062 975 2114 6240
1021 2065 1234 2106 convolsus
1285 2063 1388 2116 73,4
1434 2066 1570 2107 taedet
1613 2066 1805 2120 obestque

306 2132 433 2184 76‚11
457 2135 658 2187 offirmas.

420 2202 490 2246 Ad
519 2204 616 2247 illos
652 2205 738 2248 iam
769 2206 976 2250 accedunt
1006 2207 1104 2259 alii,
1144 2222 1325 2263 quorum
1355 2207 1493 2263 primo
1524 2208 1617 2251 loco
1646 2223 1803 2264 ponam

300 2290 392 2328 eos,
438 2275 592 2331 quibus
638 2292 740 2320 vera
785 2278 998 2334 scriptura
1042 2278 1254 2322 Italorum
1300 2283 1378 2322 aut
1404 2280 1610 2322 ‘virorum
1659 2283 1803 2323 aetate

306 2348 590 2404 posteriorum
622 2350 876 2394 coniecturis
907 2351 1083 2394 inventa
1114 2354 1157 2393 et
1187 2351 1463 2395 Lachmanno
1494 2354 1599 2396 nota
1630 2356 1743 2396 erat:

421 2420 523 2471 3,12

515 2493 670 2544 Illuc,
703 2495 810 2536 unde
841 2501 990 2549 neyant
1023 2496 1159 2537 redire
1190 2510 1434 2551 quemquam

584 2567 686 2606 illud
716 2563 870 2608 DLGO
1082 2569 1178 2609 illuc
1211 2581 1359 2623 margo
1390 2567 1427 2611 Ο

421 2635 522 2686 4,17

519 2709 618 2750 Tuo
648 2710 837 2752 imbuisse
865 2711 1071 2764 palmulas
1101 2714 1143 2754 in
1175 2727 1354 2769 aequore

585 2787 680 2823 tuas
710 2779 826 2823 DLG
1089 2790 1158 2827 tuo
1190 2782 1227 2826 Ο

421 2849 551 2902 17,25
