1950 3256
994 218 1023 262 4

256 348 401 377 omnes
434 350 540 392 quos
572 335 709 378 adhuc
741 336 1095 391 perlustravimus
1134 338 1403 382 coniunctos:
1452 339 1531 383 hoc
1570 342 1683 384 euim
1713 340 1758 384 in

257 404 295 447 D
329 409 372 448 et
405 405 438 448 L
471 406 743 450 manifestam
774 408 1151 463 interpolationem
1183 410 1401 463 habemus,
1440 426 1525 468 qua
1558 412 1592 455 G
1625 415 1757 466 caret,

255 477 341 521 illis
373 478 423 521 de
457 479 584 521 meris
616 478 826 521 scribendi
859 480 1075 523 erroribus
1105 482 1329 538 agebatur.

375 550 551 594 Duobus
582 551 684 593 locis
716 566 817 594 vera
845 552 1060 607 scriptura
1092 553 1135 596 in
1165 554 1304 596 codice
1326 553 1361 597 L
1392 555 1446 599 ab
1468 556 1605 600 altera
1627 572 1757 600 manu

256 621 357 680 (L‘)
390 623 504 666 inter
546 638 689 666 versus
730 625 796 666 vel
837 624 879 665 in
921 625 1112 681 margine
1151 625 1364 682 adscripta
1404 632 1468 670 est
1500 631 1630 685 atque
1663 629 1758 672 inde

255 696 354 748 iam,
388 699 619 751 antequam
652 696 781 739 codex
814 696 850 738 G
882 697 1065 740 collatus
1098 700 1176 750 est,
1215 702 1317 742 nota
1349 702 1392 743 et
1425 716 1450 743 a
1481 700 1757 744 Lachmanno

255 769 299 811 in
332 771 498 811 textum
532 771 702 823 recepta
735 771 848 810 erat:

374 841 476 892 91‚3

474 914 592 963 Quod
639 920 676 953 te
723 927 956 966 coquossem
1005 914 1104 956 bene
1152 921 1530 958 constantemve
1567 923 1757 971 putarem

471 991 783 1039 constanterque
815 984 854 1026 D
897 992 1178 1029 constanterve
1211 985 1245 1028 L
1285 995 1584 1030 constantemve
1617 987 1758 1032 L¹GO

378 1057 502 1107 106‚1

475 1129 572 1170 Cum
604 1143 733 1183 puero
767 1130 868 1171 bello
899 1143 1146 1184 praeconem
1180 1133 1249 1185 qui
1279 1132 1387 1173 videt
1419 1145 1523 1173 esse

470 1204 558 1255 ipse
591 1200 665 1242 DL
699 1216 784 1243 esse
813 1200 955 1244 L⁹GO

376 1276 482 1329 Ipse,
516 1273 627 1329 quod
661 1273 703 1315 in
740 1272 777 1314 D
811 1277 855 1316 et
886 1290 911 1316 a
942 1275 1081 1329 prima
1114 1289 1243 1317 manu
1275 1274 1318 1316 in
1343 1274 1374 1316 L
1404 1277 1538 1327 extat,
1572 1290 1596 1318 a
1619 1275 1758 1318 Lach-

256 1361 412 1390 manno
445 1348 633 1402 spretum
658 1345 833 1388 Ellisius
866 1346 908 1387 in
942 1349 1065 1389 textu
1097 1346 1240 1402 posuit
1272 1349 1316 1389 et
1346 1349 1432 1389 suis
1463 1349 1592 1390 oculis
1622 1346 1759 1390 inter-

255 1421 453 1475 pretatus
495 1421 569 1461 est.
635 1417 714 1461 Sed
763 1418 849 1460 sive
897 1418 977 1461 hac
1023 1418 1110 1462 sive
1157 1420 1242 1464 alia
1281 1421 1420 1465 nescio
1458 1435 1543 1477 qua
1590 1419 1758 1463 ratione

254 1491 569 1546 interpretaris,
603 1490 791 1533 alienum
824 1490 865 1532 id
898 1495 961 1533 est
995 1507 1019 1534 a
1052 1493 1278 1537 sententia.
1333 1493 1582 1549 Requiritur
1613 1494 1759 1535 autem

254 1563 493 1605 infinitivus
526 1566 655 1618 atque
687 1566 761 1615 ire,
800 1563 910 1618 quod
934 1561 1182 1607 Schwabius
1215 1563 1413 1615 coniecit,
1446 1563 1759 1607 concedendum

255 1637 425 1692 quidem
459 1638 523 1678 est
555 1651 580 1678 a
617 1639 743 1690 poeta
775 1635 963 1690 potuisse
994 1636 1113 1691 poni,
1153 1637 1225 1679 sed
1257 1651 1357 1689 esse,
1397 1636 1508 1691 quod
1540 1636 1584 1678 in
1617 1635 1759 1679 L²GO

258 1709 462 1760 habetur,
521 1722 604 1750 uon
650 1709 792 1750 minus
838 1708 947 1750 bene
994 1708 1150 1751 dicitur
1196 1723 1331 1764 neque
1378 1711 1443 1750 est
1489 1723 1564 1751 cur
1609 1708 1664 1751 ab
1710 1722 1760 1751 eo

256 1781 511 1823 recedamus.

375 1852 454 1895 His
488 1852 602 1903 locis,
636 1852 790 1908 quibus
816 1866 916 1894 vera
937 1851 1150 1906 scriptura
1171 1852 1257 1895 iam
1282 1852 1324 1894 in
1347 1852 1609 1895 Lachmanni
1633 1854 1757 1895 textu

257 1940 455 1981 expressa
502 1927 587 1976 est,
643 1925 726 1967 duo
772 1924 999 1975 accedunt,
1056 1924 1209 1979 quibus
1256 1924 1310 1968 ab
1359 1924 1434 1967 illo
1479 1923 1757 1967 recedendum

256 1998 443 2048 videtur,
492 2011 672 2052 quorum
713 1998 850 2040 altero
890 1996 926 2038 G
965 2011 1059 2039 cum
1102 1995 1137 2039 Ο
1178 2011 1325 2039 verum
1365 1996 1571 2048 servavit,
1620 1995 1758 2038 altero

258 2069 473 2111 meliorem
521 2073 635 2112 certe
682 2085 811 2125 quam
852 2068 888 2110 D
932 2071 976 2111 et
1015 2068 1049 2110 L
1089 2071 1134 2111 et
1179 2069 1311 2111 ceteri
1357 2069 1458 2111 libri
1499 2068 1759 2125 scripturam

257 2142 450 2185 exhibet:

378 2215 492 2267 73,3.
511 2214 538 2256 4

475 2288 620 2329 Omnia
652 2293 744 2329 sunt
776 2289 943 2340 inyrata
975 2288 1075 2328 nihil
1104 2288 1250 2340 fecisse
1282 2287 1450 2340 benique

547 2361 673 2401 Immo
706 2361 827 2400 eliam
859 2360 993 2400 laedet
1025 2365 1224 2413 stetque
1256 2360 1515 2412 mayisque
1546 2358 1690 2410 mayis.

377 2432 495 2474 Haec
535 2430 800 2474 Lachmanni
839 2430 999 2472 codices
1046 2431 1088 2472 iu
1139 2432 1260 2472 textu
1307 2429 1528 2480 exhibent,
1575 2427 1761 2484 margini

259 2504 413 2547 codicis
445 2503 479 2546 L
520 2504 710 2557 obestque
750 2502 1011 2557 adscriptum
1051 2505 1128 2545 est.
1193 2502 1492 2545 Lachmannus
1525 2516 1577 2543 ex
1607 2508 1762 2556 stetque

262 2577 402 2618 effecit
433 2578 468 2618 si
499 2578 544 2629 sit
576 2578 620 2617 et
651 2575 791 2616 deleto
823 2576 1045 2628 maqisque,
1078 2575 1189 2629 quod
1222 2574 1446 2616 delendum
1479 2588 1568 2616 esse
1598 2572 1762 2628 primus

261 2647 472 2690 Avantius
531 2647 767 2702 perspexit,
826 2647 876 2686 ut
930 2661 1094 2688 versum
1144 2661 1337 2688 mancum
1388 2646 1601 2700 expleret,
1652 2643 1760 2696 illud

260 2722 450 2774 obestque
482 2734 533 2762 ex
566 2719 759 2775 margine
792 2717 943 2760 codicis
979 2717 1010 2758 L
1043 2718 1243 2760 inseruit:

479 2793 625 2833 Omnia
657 2797 749 2832 sunt
780 2793 961 2844 inyrala,
995 2793 1094 2832 nihil
1123 2793 1269 2845 fecisse
1302 2791 1491 2843 beniyne:

547 2865 675 2906 Immo
708 2866 829 2905 etiam
862 2864 1010 2914 taedet,
1042 2866 1083 2904 si
1114 2865 1195 2917 fit,
1228 2864 1419 2915 obestque
1450 2862 1594 2915 nia-qis.
