1950 3256
998 211 1051 254 13

269 331 322 375 de
341 330 379 374 G
410 333 649 374 ceterorum
679 330 887 373 librorum
919 329 1153 384 archetypo
1184 329 1443 372 sententiam
1475 328 1609 372 firmis
1637 343 1768 386 argu-

269 403 424 447 montis
454 415 611 445 carere.
666 400 777 444 Fieri
809 401 923 443 enim
953 403 1110 456 potest,
1143 402 1193 442 ut
1224 400 1324 442 libri
1345 400 1424 452 illi,
1457 401 1650 457 quamvis
1671 415 1766 444 cum

269 476 506 518 correctore
537 471 575 515 G
612 472 903 524 consentiant,
951 477 1095 515 tamen
1137 486 1222 514 non
1261 485 1314 513 ex
1354 471 1453 524 hoc,
1500 473 1572 516 sed
1619 487 1672 515 ex
1719 487 1768 516 eo

269 545 402 597 libro,
443 545 495 587 ad
540 559 668 600 quem
706 543 779 586 ille
811 546 1026 587 correctus
1056 547 1141 596 est,
1180 543 1388 600 originem
1421 545 1646 589 traxerint.
1709 543 1768 586 Et

268 617 358 660 iam
402 631 532 672 supra
579 631 623 659 se
666 616 919 659 obtulerunt
957 616 1080 659 nobis
1119 618 1335 658 momenta
1381 617 1611 672 quaedam,
1659 630 1768 672 quae

269 691 420 732 contra
453 687 702 731 Baehrensii
733 688 991 730 sententiam
1023 687 1292 744 pugnabant,
1332 688 1537 740 alterum,
1578 689 1689 743 quod
1722 688 1767 731 in

269 758 308 803 G
339 759 523 803 habetur
555 763 696 802 certus
728 773 928 802 numerus
959 757 1162 800 vitiorum
1193 758 1357 801 scribae
1388 773 1530 802 errore
1561 763 1766 813 ortorum,

268 831 423 888 quibus
446 830 483 872 D
516 836 560 873 et
581 831 615 873 L
636 835 681 875 et
710 831 842 875 ceteri
871 831 1041 880 vacant,
1074 829 1272 880 alterum,
1304 830 1416 885 quod
1449 830 1581 874 etiam
1607 830 1767 874 talibus

269 903 385 955 locis,
419 903 491 946 ubi
523 902 622 958 quid
654 904 794 959 prima
827 916 977 944 manus
1008 900 1228 956 scripserit
1259 901 1346 959 legi
1377 901 1463 944 iam
1494 917 1579 945 non
1610 905 1766 958 potest,

269 989 370 1030 pars
401 978 640 1018 ceterorum
671 975 878 1018 librorum
910 973 951 1015 id
982 972 1167 1026 exhibet,
1201 974 1313 1029 quod
1335 989 1359 1017 a
1382 975 1522 1030 prima
1542 978 1767 1018 exaratum

269 1045 399 1089 fuisse
430 1061 483 1088 ex
513 1047 666 1089 codicis
699 1045 735 1089 Ο
766 1045 980 1100 scriptura
1012 1044 1241 1087 verisimile
1273 1049 1351 1088 est.

388 1117 553 1160 Revera
574 1120 718 1159 autem
737 1115 772 1158 G
798 1131 881 1159 non
903 1131 991 1159 esse
1011 1115 1277 1172 archetypon
1298 1120 1535 1161 ceterorum
1558 1117 1767 1161 librorum

268 1190 456 1234 omnium
495 1187 779 1231 demonstrari
818 1190 959 1243 potest
990 1188 1249 1243 comparatis
1281 1189 1563 1244 scripturis
1595 1190 1767 1246 dupli-

269 1262 434 1312 cibus,
494 1275 602 1316 quae
661 1261 705 1302 iu
757 1260 832 1303 illo
884 1260 993 1302 libro
1045 1263 1089 1302 et
1144 1260 1187 1302 in
1240 1260 1496 1303 Bononiensi
1548 1260 1604 1319 (B
1653 1262 1766 1318 apud

267 1332 486 1389 Ellisium)
518 1335 682 1375 extant.

387 1405 451 1447 De
508 1403 730 1460 scripturis
789 1402 1029 1457 duplicibus
1087 1404 1187 1446 libri
1238 1402 1275 1446 G
1326 1404 1476 1446 similis
1534 1408 1664 1460 atque
1714 1407 1766 1449 de

268 1477 598 1520 correctionibus
636 1476 748 1517 inter
781 1475 892 1516 viros
923 1476 1068 1519 doctos
1100 1476 1310 1518 dissensus
1341 1479 1418 1519 est.
1482 1475 1766 1521 Baehrensius

267 1549 380 1591 enim
412 1564 482 1592 eas
514 1562 658 1590 omnes
689 1547 743 1588 ab
765 1546 908 1588 eodem
930 1549 1082 1599 scriba,
1115 1547 1187 1603 qui
1208 1549 1347 1602 ipsum
1370 1551 1535 1590 textum
1558 1550 1763 1601 exaravit,

267 1635 320 1663 ex
351 1621 585 1676 archetypo
617 1618 656 1661 V
690 1618 971 1673 transcriptas
1008 1634 1097 1661 esse
1136 1623 1283 1675 putat,
1324 1623 1373 1661 ut
1409 1621 1483 1675 qui
1522 1621 1565 1662 in
1605 1621 1690 1663 illis
1722 1625 1767 1663 et

267 1693 312 1735 in
345 1695 468 1734 textu
504 1693 678 1735 eandem
717 1705 891 1733 manum
923 1706 1175 1747 cognoscere
1207 1691 1288 1733 sibi
1321 1692 1433 1734 visus
1464 1692 1534 1735 sit.
1595 1691 1688 1742 Qua
1720 1696 1766 1735 in

269 1779 315 1808 re
343 1778 604 1820 quamquam
645 1766 765 1813 sunt,
805 1762 879 1817 qui
915 1762 954 1804 ei
994 1762 1281 1817 astipulentur
1315 1762 1606 1820 (Woelfflinus
1638 1770 1762 1808 nunt.

268 1836 383 1879 erud.
418 1835 536 1878 Gott.
574 1836 687 1877 1855
719 1849 760 1890 p.
790 1833 902 1876 1982
934 1831 1109 1875 Ellisius
1141 1834 1204 1877 ed.
1237 1834 1313 1878 alt.
1346 1849 1387 1890 p.
1410 1834 1585 1893 XLIX),
1618 1838 1765 1879 tamen

267 1908 343 1951 alii
387 1908 514 1950 aliter
560 1908 611 1950 de
655 1922 705 1949 ea
753 1921 797 1948 re
840 1905 1147 1948 iudicaverunt.
1227 1905 1347 1948 Inter
1392 1922 1496 1962 quos
1543 1907 1763 1950 Bonnetus

267 1985 436 2036 partem
475 1979 786 2034 scripturarum
823 1978 997 2019 illarum
1036 1978 1090 2020 ab
1128 1977 1219 2032 ipso
1256 1978 1357 2020 libri
1389 1977 1426 2020 G
1466 1979 1605 2022 scriba
1637 1979 1765 2021 simul

269 2066 366 2094 cum
397 2053 521 2093 textu
552 2054 772 2092 exaratam
794 2050 927 2091 videri
950 2049 1154 2101 affirmat,
1186 2053 1353 2104 partem
1376 2054 1519 2093 autem
1541 2051 1595 2094 ab
1617 2050 1763 2093 eadem

268 2139 399 2167 manu
449 2122 653 2177 scriptam
705 2137 788 2177 qua
840 2122 1122 2165 correctiones
1172 2124 1302 2176 atque
1354 2136 1406 2164 ex
1456 2121 1602 2164 eodem
1655 2122 1764 2165 libro

268 2196 452 2252 petitam
482 2209 585 2237 esse.
635 2191 722 2235 Nos
751 2194 793 2235 in
816 2209 866 2236 ea
887 2209 932 2236 re
955 2193 1149 2237 Bonneto
1171 2193 1294 2236 fidem
1318 2192 1542 2244 habemus;
1574 2196 1764 2236 ceterum

269 2272 412 2311 utram
445 2266 700 2309 sententiam
732 2266 978 2320 probemus,
1019 2279 1104 2306 non
1139 2265 1322 2307 multum
1353 2264 1548 2315 interest,
1588 2263 1764 2307 dubium

268 2340 382 2383 enim
419 2353 505 2381 non
546 2341 630 2388 est,
669 2338 773 2392 quin
810 2337 1047 2392 scripturae
1085 2335 1186 2378 illae
1225 2337 1412 2392 duplices
1452 2335 1494 2377 in
1528 2335 1567 2378 V
1605 2336 1765 2379 fuerint

270 2414 400 2467 atque
432 2425 483 2452 ex
513 2424 562 2451 eo
593 2423 846 2464 quacunque
877 2409 945 2450 via
977 2408 1019 2449 in
1053 2407 1090 2450 G
1121 2409 1406 2464 pervenerint.

387 2482 586 2525 Eiusdem
633 2481 802 2537 generis
850 2481 1086 2536 scripturae
1131 2484 1233 2524 sunt
1279 2480 1410 2523 etiam
1460 2481 1504 2524 in
1559 2480 1667 2522 libro
1714 2480 1763 2532 B,

268 2569 374 2610 quas
406 2555 492 2597 iam
522 2568 617 2596 cum
650 2552 687 2595 G
718 2552 1070 2608 comparabimus.
1126 2552 1405 2609 Undeviginti
1433 2552 1476 2594 in
1505 2567 1554 2595 eo
1576 2553 1763 2607 duplices

269 2626 506 2681 scripturae
537 2625 764 2675 habentur,
798 2638 906 2679 quae
938 2625 1106 2668 eaedem
1140 2625 1183 2666 in
1216 2623 1251 2666 G
1285 2628 1458 2667 extant:

387 2697 460 2749 2,3
490 2700 642 2752 petenti
673 2699 716 2738 al
745 2699 902 2751 patenti

393 2769 520 2821 10‚27
554 2771 702 2811 deserti
733 2771 777 2810 al
806 2770 960 2823 deferri

392 2841 491 2893 12,2
522 2844 612 2884 ioco
644 2843 688 2882 al
717 2843 807 2884 loco
