1950 3256
1009 235 1066 278 35

291 342 538 393 'thuaneum
569 342 740 385 collatis
771 342 993 397 utriusque
1023 342 1177 386 codicis
1208 341 1432 396 scripturis
1466 356 1610 384 veram
1634 345 1785 397 poetae

292 427 465 458 manum
495 413 802 470 cognoscimus,
815 414 859 469 *)

413 486 518 541 24,4

506 559 670 599 Mallem
701 558 867 598 divitias
898 559 971 598 uti
1001 558 1193 600 dedisses.

411 627 480 671 Sic
500 628 801 672 Lachmannus
828 628 872 669 in
894 628 1032 683 prima
1053 628 1238 671 editione
1258 627 1530 671 scribendum
1549 628 1787 684 proposuit,

291 700 454 744 codices
491 700 701 756 praebent
737 703 791 741 mi
828 701 1020 743 dedisses.
1097 698 1179 742 Sed
1220 702 1448 755 postquam
1486 699 1704 755 Hauptius
1745 701 1790 742 in

292 772 382 816 obs.
428 771 525 816 crit.
572 786 614 826 p.
662 771 688 813 8
737 771 820 827 (op.
870 770 891 813 I
935 786 978 827 p.
1028 771 1103 827 79)
1149 785 1197 813 co
1257 770 1470 813 nonefecit
1501 769 1698 813 Vossium
1745 772 1791 813 in

293 843 479 886 editione
511 858 588 886 sua
619 843 823 886 scribere:

508 917 670 958 Mallem
701 917 866 958 divitias
897 916 1035 957 Midae
1065 916 1201 957 dediss
1246 945 1259 966 ,

294 1001 418 1030 nemo
469 987 554 1030 iam
585 987 777 1037 dubitat,
818 987 921 1042 quin
972 986 1075 1028 haec
1127 1000 1171 1028 sc
1242 990 1341 1028 tura
1378 999 1480 1028 vera
1520 985 1588 1028 sit.
1649 986 1792 1042 Atque

293 1059 434 1114 ipsum
479 1059 560 1102 hoc
599 1061 737 1101 Midae
782 1060 962 1101 dedisses
1007 1058 1051 1099 in
1091 1057 1127 1100 O
1219 1060 1390 1100 aratum
1426 1061 1512 1108 est,
1560 1057 1643 1100 nisi
1680 1058 1792 1113 quod

294 1133 425 1175 verba
454 1146 540 1174 non
572 1134 686 1173 recte
716 1131 920 1174 distincta
951 1133 1052 1173 sunt
1082 1133 1136 1172 mi
1187 1130 1409 1172 ,ededisses

418 1203 546 1255 101‚‘1

510 1276 627 1317 Nunc
657 1282 793 1317 tamen
822 1278 994 1327 interea,
1023 1277 1162 1329 prisco
1192 1287 1300 1328 quae
1329 1287 1442 1314 more
1469 1280 1702 1328 parentum.

415 1346 533 1390 Haec
566 1346 864 1389 Lachmannus
895 1363 947 1390 ex
969 1345 1007 1388 D
1039 1345 1185 1396 edidit,
1218 1343 1254 1387 Ο
1285 1344 1459 1387 exhibet
1488 1348 1647 1388 interea
1676 1348 1793 1399 haec,

294 1420 439 1471 ceteri,
466 1419 513 1462 in
543 1418 698 1474 quibus
730 1417 765 1460 L
796 1420 840 1460 et
871 1417 922 1469 G,
954 1421 1110 1461 interea
1140 1419 1228 1460 hoc.
1291 1415 1405 1458 Illud
1436 1419 1526 1469 hoc,
1558 1418 1671 1474 quod
1701 1419 1794 1474 ple-

295 1490 417 1545 rique
462 1489 624 1533 codices
670 1492 908 1542 testantur,
955 1505 1072 1533 mero
1119 1503 1262 1532 errore
1307 1491 1451 1531 ortum
1488 1505 1575 1533 non
1610 1491 1793 1534 videtur.

295 1560 437 1612 Quare
467 1561 700 1604 rectissime
732 1560 979 1604 Schwabius
1011 1559 1194 1618 (quaest.
1227 1576 1268 1616 p.
1294 1559 1399 1617 276)
1432 1561 1512 1604 hoc
1542 1562 1634 1604 loco
1655 1562 1796 1606 Lach-

296 1647 501 1676 mannum
539 1633 650 1675 libro
680 1632 720 1674 D
758 1633 937 1675 nimium
976 1633 1181 1676 confisum
1216 1646 1306 1674 esse
1337 1632 1440 1675 dicit
1471 1635 1515 1675 et
1546 1636 1795 1690 comparato

297 1721 337 1748 v,
373 1705 432 1748 43
470 1703 579 1747 Ciris
625 1705 894 1747 scribendum
931 1718 1022 1746 esse
1056 1704 1233 1759 probat,
1280 1703 1323 1746 id
1354 1705 1466 1760 quod
1497 1708 1646 1761 postea
1678 1706 1723 1748 iu
1755 1705 1792 1749 Ο

296 1777 518 1820 inventum
549 1780 636 1819 est:

512 1850 630 1891 Nunc
650 1854 785 1890 tamen
805 1851 964 1891 interea
984 1851 1120 1898 haec,
1141 1850 1279 1902 prisco
1301 1861 1408 1903 quae
1428 1863 1540 1891 more
1560 1857 1791 1904 parentum.

417 1919 509 1964 Iam
540 1935 636 1963 cum
666 1919 772 1962 satis
801 1919 853 1962 de
883 1919 942 1961 eis
972 1919 1076 1962 locis
1107 1919 1325 1963 videamur
1354 1920 1486 1963 locuti
1507 1936 1609 1974 esse,
1641 1923 1795 1978 quibus

299 1991 336 2036 Ο
367 1991 634 2036 Lachmanni
672 1991 794 2034 libris
827 1989 866 2032 D
903 1994 947 2033 et
978 1990 1012 2033 L
1048 1994 1243 2047 praestat
1275 2016 1333 2022 —
1362 2008 1462 2035 nam
1495 1992 1648 2035 ceteris
1677 1992 1794 2045 locis,

298 2064 374 2107 ubi
418 2064 500 2106 viri
537 2064 650 2107 docti
683 2064 835 2106 codicis
866 2063 903 2107 Ο
941 2064 1200 2107 auctoritate
1232 2064 1315 2106 nisi
1346 2080 1371 2107 a
1409 2064 1686 2107 Lachmanno
1722 2066 1796 2108 de-

299 2133 493 2186 flectunt,
528 2135 617 2177 fere
646 2136 841 2178 omnibus
872 2150 956 2178 non
987 2137 1092 2178 satis
1122 2139 1247 2178 caute
1276 2136 1512 2179 iudicantes
1542 2136 1666 2178 nimis
1698 2137 1796 2180 fidei

301 2205 402 2249 huie
437 2206 570 2250 codici
603 2207 804 2249 videntur
836 2207 992 2250 habere
1041 2233 1097 2239 —
1144 2208 1213 2250 hic
1243 2208 1390 2264 paucis
1421 2208 1555 2250 totius
1587 2222 1794 2252 summam

301 2278 646 2334 complectemur.

421 2349 566 2405 Atque
602 2349 788 2405 primum
818 2350 1003 2393 codicem
1036 2350 1072 2394 O
1112 2366 1256 2393 verum
1289 2350 1503 2404 exhibere,
1535 2366 1631 2394 cum
1662 2353 1797 2409 scrip-

301 2424 427 2464 turae
465 2422 671 2464 librorum
705 2421 745 2463 D
776 2424 820 2464 et
851 2420 885 2462 L
924 2422 1182 2478 depravatae
1213 2425 1366 2473 essent,
1406 2422 1451 2464 in
1483 2422 1564 2466 hac
1596 2425 1798 2469 disserta-

303 2493 436 2536 tionis
480 2495 605 2549 parte
651 2492 832 2535 vidimus
872 2494 1167 2551 undetriginta
1213 2495 1339 2545 loeis;
1386 2494 1446 2536 eis
1494 2509 1517 2536 e
1562 2495 1703 2549 priore
1748 2497 1799 2539 de

397 2639 433 2680 ⁸)
470 2636 514 2672 In
545 2635 726 2673 Fleckeis.
764 2647 851 2672 ann.
885 2637 979 2674 1880
1008 2650 1046 2684 p.
1080 2637 1152 2675 490
1177 2636 1384 2674 Schoellius
1419 2637 1579 2683 negavit
1606 2637 1796 2674 Catullum

304 2707 430 2732 vocem
451 2697 562 2741 patri
592 2696 778 2742 producta
811 2696 961 2742 syllaba
987 2697 1111 2744 prima
1136 2697 1362 2733 adhibuisse.
1411 2696 1486 2732 Sed
1511 2698 1613 2743 apud
1638 2700 1798 2735 eundem

303 2755 493 2792 Catullum
517 2755 707 2792 habentur
733 2767 910 2801 cupressu
934 2757 1075 2800 64,291,
1110 2757 1246 2802 duplex
1271 2758 1396 2800 68,51,
1427 2757 1620 2802 flam-andi
1642 2758 1798 2794 verbum

303 2815 418 2858 6431.
445 2815 563 2858 6725.
590 2815 710 2859 68:13.
740 2817 817 2858 139,
843 2818 974 2853 mitrae
999 2817 1116 2860 6458,
1144 2818 1279 2853 scabra
1304 2817 1446 2861 68,151‚
1473 2827 1644 2863 supremo
1669 2819 1797 2862 64‚151

303 2875 490 2921 producta
514 2875 637 2922 prima
661 2877 702 2912 et
728 2887 776 2912 ex
798 2875 975 2913 Lucretio
1011 2877 1175 2913 sufficiat
1199 2877 1374 2914 attulisse
1398 2875 1656 2962 pc‘xtreg*(1V
1682 2880 1796 2923 1222),
