1950 3256
259 826 436 871 Carolus
467 827 765 870 Lachmannus
803 826 847 868 in
886 826 1124 868 recensione
1161 824 1398 868 carminum
1430 822 1641 866 Catullia-

139 914 305 951 norum,
337 914 448 955 quae
478 914 591 942 anno
626 898 739 941 1829
771 899 956 953 primum
987 897 1032 938 in
1063 897 1282 952 publicum
1323 897 1493 951 prodiit,
1535 897 1640 939 duo-

139 972 220 1015 bus
250 971 463 1014 codicibus
494 986 594 1014 usus
632 973 711 1023 est,
747 970 870 1012 libris
900 967 1042 1011 Caroli
1084 966 1191 1010 Dati
1222 966 1300 1024 (D)
1341 970 1386 1010 et
1418 967 1639 1011 Laurentii

141 1042 336 1087 Santenii
359 1042 454 1100 (L);
487 1043 601 1086 inter
632 1057 738 1099 quos
758 1042 812 1094 D,
845 1041 927 1084 nisi
955 1043 1103 1096 aperte
1124 1040 1235 1083 falsa
1266 1043 1309 1083 et
1339 1040 1441 1083 ficta
1462 1042 1641 1096 praebe-

140 1115 232 1167 bat,
276 1113 416 1158 multo
460 1114 667 1158 maiorem
712 1128 839 1169 quarn
879 1112 915 1155 L
953 1111 1080 1154 fidem
1116 1113 1319 1156 habebat.
1383 1112 1526 1168 Atque
1557 1113 1641 1156 hac

140 1186 327 1230 editione
359 1200 456 1228 eum
487 1201 583 1229 cum
614 1186 661 1229 in
692 1184 956 1228 recensendis
986 1188 1137 1240 poetae
1173 1184 1432 1227 carminibus
1471 1185 1641 1227 firmum

140 1256 348 1301 struxisse
379 1256 705 1300 fundamentum
737 1260 828 1298 tum
861 1257 906 1299 in
938 1256 1199 1299 emendando
1231 1259 1355 1299 textu
1387 1257 1546 1299 multos
1579 1257 1642 1299 lo-

140 1342 211 1372 cos
243 1329 415 1386 egregie
445 1329 683 1372 restituisse
714 1328 811 1371 inde
841 1329 895 1371 ab
927 1328 1016 1371 eius
1037 1330 1182 1371 aetate
1212 1342 1344 1383 usque
1375 1329 1427 1371 ad
1449 1332 1643 1372 nostram

141 1415 331 1444 summus
360 1401 474 1444 inter
506 1402 617 1443 viros
648 1401 792 1443 doctos
814 1414 1038 1442 consensus
1059 1403 1166 1442 erat.
1228 1399 1467 1444 Novissime
1498 1404 1642 1445 antem

141 1473 404 1525 extiterunt,
435 1472 528 1527 qni,
560 1472 754 1527 quamvis
787 1487 944 1528 magna
976 1471 1065 1514 eius
1097 1473 1147 1515 de
1178 1473 1440 1515 emendando
1471 1472 1643 1517 Catullo

139 1543 295 1586 merita
326 1547 619 1601 agnoscerent,
653 1548 797 1586 tamen
828 1558 1001 1598 prorsus
1032 1543 1189 1586 falsum
1220 1547 1265 1586 et
1295 1544 1508 1587 incertum
1546 1559 1642 1588 eum

141 1615 322 1659 editioni
354 1630 455 1658 suae
485 1615 811 1658 fundamentum
842 1615 1110 1670 supposuisse
1136 1617 1466 1660 arbitrarentur.
1530 1616 1641 1660 Nam

140 1690 240 1743 post
270 1686 536 1731 Lachmanni
566 1687 687 1729 illam
719 1702 892 1743 operam
930 1689 1137 1743 protracti
1169 1692 1271 1731 sunt
1309 1689 1351 1730 in
1390 1689 1528 1733 lucem
1560 1690 1643 1733 duo

141 1759 302 1802 codices
323 1757 699 1816 Sangermanensis
732 1758 821 1816 (G),
853 1759 904 1802 de
935 1774 1019 1814 quo
1050 1762 1213 1815 primus
1245 1760 1441 1817 Silligius
1472 1763 1518 1805 in
1541 1762 1644 1806 Iah-

142 1830 203 1873 nii
232 1831 455 1874 annalium
486 1830 636 1886 philol.
655 1830 777 1873 vXIII
810 1830 965 1888 (1830)
999 1833 1185 1885 rettulit,
1218 1836 1262 1875 et
1285 1832 1537 1876 oxoniensis
1561 1834 1635 1892 (O)

140 1903 259 1946 cuius
290 1902 448 1946 notitia
470 1902 620 1945 Ellisio
641 1902 821 1945 debetur
852 1902 934 1959 (ed.
967 1905 1066 1946 anni
1093 1903 1239 1962 1867),
1272 1908 1403 1961 atque
1424 1906 1502 1949 hos
1534 1907 1638 1950 duos

140 1975 251 2018 solos
289 1977 422 2018 testes
458 1975 643 2018 sinceros
698 1989 787 2017 esse
832 1975 897 2017 illi
939 1979 1111 2031 putant,
1150 1978 1260 2021 solos
1298 1978 1411 2020 enim
1449 1993 1501 2021 ex
1548 1980 1639 2035 ipso

140 2045 376 2102 archetypo
437 2045 673 2089 Veronensi
725 2045 823 2103 (V),
869 2063 924 2090 ex
967 2063 1051 2103 quo
1098 2064 1243 2092 omnes
1289 2050 1421 2093 libros
1475 2055 1643 2094 nostros

140 2116 312 2160 fluxisse
333 2120 515 2169 constat,
538 2118 747 2174 originem
770 2119 958 2170 duxisse3
982 2121 1166 2175 reliquos
1189 2137 1273 2163 non
1295 2123 1483 2177 exeeptis
1506 2121 1644 2166 Lach-

140 2190 286 2232 manni
318 2188 440 2232 libris
470 2203 524 2231 ex
544 2188 582 2231 G
603 2189 817 2233 derivatos
850 2205 960 2246 esse3
993 2190 1207 2243 Dantem,
1240 2208 1366 2248 quem
1397 2194 1472 2236 ille
1494 2194 1643 2237 ducem

138 2260 244 2304 locis
284 2261 481 2304 omnibus
512 2261 771 2304 dubitationi
803 2263 996 2305 obnoxiis
1035 2264 1239 2320 elegerat,
1287 2267 1515 2321 pessimum
1554 2281 1643 2309 esse

146 2331 335 2374 omnium
367 2331 555 2375 codicum
588 2333 959 2389 interpolatorum,
993 2335 1061 2378 cui
1093 2337 1214 2379 nulla
1240 2352 1412 2392 prorsus
1432 2338 1536 2382 fides
1567 2339 1646 2382 ha·-

142 2402 280 2445 benda
310 2404 380 2445 sit.
433 2403 574 2453 Quare
605 2420 692 2448 non
722 2405 875 2448 inutile
895 2405 1063 2449 videtur
1093 2409 1384 2463 quaestionem
1406 2411 1645 2462 instituere,

141 2475 186 2518 in
217 2488 302 2530 qua
354 2475 653 2530 disquiramus,
692 2491 776 2532 qua
816 2481 940 2533 parte
978 2479 1259 2524 fundamenta
1305 2497 1331 2524 a
1368 2481 1645 2526 Lachmanno

141 2542 262 2590 iacta
293 2547 524 2590 deserenda
554 2548 791 2593 videantur.

263 2689 406 2747 Atque
436 2691 576 2746 prima
614 2693 986 2737 commentationis
1024 2698 1195 2739 nostrae
1223 2697 1438 2751 particula
1469 2712 1645 2754 agemus

141 2760 193 2804 de
223 2762 365 2806 codice
395 2761 447 2814 G,
478 2777 606 2818 quem
640 2766 686 2806 et
717 2765 994 2808 vetustiorem
1016 2765 1280 2810 Lachmanni
1312 2768 1434 2811 libris
1466 2771 1511 2812 et
1541 2770 1647 2826 ipsi-

142 2847 192 2876 us
231 2833 386 2878 codicis
418 2833 458 2876 V
491 2836 772 2893 apographon
814 2851 904 2880 esse
943 2853 1086 2881 omnes
1119 2840 1405 2885 consentiunt,
1469 2841 1562 2892 Qua
1601 2842 1646 2884 in

1388 2901 1407 2935 1
