1950 3256
969 169 1026 211 48

244 291 378 331 minus
411 290 657 344 probemus,
706 289 812 331 illud
858 290 1016 340 obstat,
1057 288 1169 343 quod
1208 290 1383 332 verbum
1420 291 1608 347 fingendi
1647 306 1742 334 cum

242 363 482 405 accusativo
530 362 735 404 maineriae
782 376 890 416 quae
943 360 1155 402 formatur
1203 376 1411 416 nusquam
1459 362 1562 404 alibi
1607 365 1741 406 extat.

242 434 491 476 putabimus
525 433 658 490 igitur
690 432 819 474 etiam
852 432 958 475 illud
995 435 1148 487 sinyere
1178 432 1306 475 nihili
1338 435 1604 490 pendendum
1639 451 1741 489 esse,

238 507 309 550 sed
348 521 465 548 mero
502 520 644 548 errore
684 518 736 546 ex
775 507 956 558 humere
997 507 1139 547 ortum
1179 519 1281 549 esse.
1347 504 1498 549 Resbat
1529 509 1743 564 scriptura

237 581 363 633 ferris
393 580 575 632 srinyere
607 579 808 628 duritiem,
842 590 895 618 ex
925 590 1010 631 qua
1042 575 1086 618 in
1118 577 1378 620 emendando
1409 579 1739 633 proficiscamur.

236 650 305 694 Ad
337 665 428 693 eam
462 650 654 704 proxime
686 648 847 691 accedis}
880 651 936 701 013,
971 648 1005 689 si
1038 648 1263 691 liberarum
1295 647 1445 690 ductus
1477 651 1738 707 respicimus,

236 737 439 779 magnam
470 721 822 777 probabilitatem
864 720 996 763 habelz
1025 723 1132 775 ferri
1162 723 1362 774 strinyere
1394 723 1594 775 duritiem,
1626 723 1738 778 quod

236 796 438 851 Heysius‚
480 793 747 844 Schwabius,
796 792 972 835 Ellisius
1017 793 1220 836 scribunt.
1287 791 1368 834 Sed
1415 793 1516 848 quid
1553 794 1632 837 hoc
1673 797 1739 837 0313

236 871 393 922 ferrum
426 865 653 920 strinyere?
702 863 876 907 Ellisius
909 865 1224 919 interpretatur
1254 867 1296 907 in
1327 868 1545 908 stricturas
1577 880 1736 922 coqem,

233 941 344 995 quod
384 937 624 981 sententiae
663 936 788 978 huius
827 937 878 979 de
917 951 1001 992 quo
1033 936 1179 994 agitur
1218 937 1299 980 loci
1331 952 1417 980 11011
1450 937 1554 979 satis
1586 941 1735 994 aptum

232 1012 413 1055 videtur.
493 1009 652 1052 Tamen
699 1012 900 1064 strinyere
946 1024 1034 1051 non
1073 1009 1331 1053 reiciendum
1379 1024 1468 1053 esse
1506 1012 1626 1066 puto,
1665 1011 1737 1054 sed

232 1084 379 1140 paullo
411 1084 539 1126 aliter
562 1082 882 1137 explicandum:
913 1085 1114 1136 strinyere
1132 1085 1196 1123 est
1217 1097 1416 1136 premere,
1450 1085 1735 1138 comprimere;

231 1161 275 1199 013
311 1158 470 1210 ferrum
513 1157 712 1209 strinyere
751 1154 848 1196 inde
886 1154 1054 1196 videtur
1092 1155 1270 1197 cudendi
1309 1155 1527 1198 notionem
1558 1157 1733 1198 nactum

229 1242 330 1279 esse,
370 1228 483 1282 quod
515 1213 676 1268 feri-um
709 1225 810 1267 dum
842 1226 1011 1268 cuditur
1051 1226 1094 1267 in
1126 1226 1278 1269 incude
1309 1227 1555 1282 impositum
1588 1226 1735 1270 mallei

229 1300 383 1343 ictibus
416 1299 711 1354 comprimitur
743 1300 788 1340 013
819 1297 1034 1341 densatur.

350 1371 408 1414 64
429 1371 511 1412 102

412 1403 522 1485 ‚Aut
552 1450 720 1486 mortem
753 1450 981 1498 oppeteret
1017 1445 1190 1486 Theseus
1222 1451 1293 1485 aut
1323 1445 1513 1498 praemia
1545 1444 1694 1488 laudis.

346 1515 382 1558 G
400 1518 443 1558 et
460 1516 654 1571 plerique
671 1516 832 1558 codices
850 1515 1279 1570 exhibenhoppeteret‚
1297 1515 1568 1558 idemleviter
1577 1516 1731 1571 depra-

224 1592 372 1634 vatum
404 1589 450 1631 in
482 1588 748 1631 Lachmanni
785 1588 906 1631 libris
945 1591 1067 1630 extat
1100 1587 1158 1645 (D
1191 1595 1366 1643 opetere,
1407 1587 1442 1630 L
1474 1586 1659 1645 uppem),
1693 1586 1730 1631 Ο

223 1663 399 1717 praebet
432 1667 655 1716 appeteret,
687 1660 800 1715 quod
822 1661 909 1703 iam
932 1663 1163 1716 antequam
1185 1663 1380 1716 repertus
1401 1663 1478 1713 est,
1514 1659 1745 1713 nonnullis

224 1734 325 1777 viris
373 1734 507 1777 doctis
554 1733 696 1788 aptius
743 1733 879 1774 visum
927 1737 970 1776 013
1010 1748 1145 1788 nuper
1184 1749 1209 1776 a
1249 1732 1510 1785 Baehrensio
1549 1732 1729 1788 aliisque

223 1806 564 1849 commendatum
603 1808 680 1848 est.
743 1803 813 1846 Ab
846 1805 1076 1860 appetendi
1115 1806 1243 1848 verbo
1277 1820 1361 1847 11011
1394 1807 1493 1859 apte
1526 1805 1606 1847 hoc
1638 1805 1728 1847 loco

222 1880 378 1934 pendet
410 1885 598 1928 morlem3
632 1884 826 1931 appetere
859 1884 1025 1919 mortem
1049 1880 1113 1919 esb
1135 1877 1244 1919 mori
1266 1891 1439 1932 cupere;
1472 1876 1557 1919 iam
1581 1879 1727 1918 autem

223 1951 438 1993 sententia
477 1966 561 1992 non
600 1965 649 1992 ea
687 1952 771 2000 est,
813 1953 859 1990 uh
899 1948 1088 1990 Ariadne
1129 1949 1385 2004 expalluisse
1417 1948 1597 2001 dicatur,
1630 1964 1728 1992 cum

222 2023 410 2066 Theseus
442 2025 591 2066 contra
623 2022 918 2064 Minotaurum
949 2036 1144 2077 pugnare
1183 2021 1356 2076 cupiens
1395 2022 1472 2063 aut
1510 2021 1619 2062 mori
1651 2023 1727 2064 aui:

220 2095 412 2150 praemia
433 2095 570 2138 laudis
593 2094 769 2149 adipisci
791 2094 979 2148 cuperes,
1012 2094 1083 2135 sed
1106 2109 1201 2136 cum
1224 2092 1516 2135 Minobaurum
1538 2093 1726 2136 occidere

220 2168 392 2222 cupiens
425 2170 500 2210 auh
531 2167 661 2210 morti
698 2166 867 2209 obviam
899 2166 981 2207 iret
1014 2169 1090 2207 aut
1121 2165 1311 2220 praemia
1333 2165 1470 2208 laudis
1491 2165 1724 2221 adepturus

219 2243 341 2283 esset.
400 2240 449 2282 Id
481 2244 638 2291 autem,
677 2239 789 2294 quod
821 2253 897 2280 nos
937 2238 1242 2290 desideramus,
1276 2239 1405 2280 morti
1447 2237 1616 2280 obviam
1648 2237 1722 2289 ire,

220 2313 330 2354 1110511
361 2313 405 2354 111
437 2312 692 2367 pervulgata
714 2311 899 2353 dictione
921 2317 1088 2352 mortem
1110 2318 1312 2364 oppetere.
1362 2309 1473 2352 Sane
1495 2307 1723 2364 oppetendi

219 2385 395 2426 verbum
434 2387 534 2439 apte
572 2387 742 2426 tantum
781 2383 831 2424 de
864 2386 1001 2425 11101130
1040 2383 1216 2435 dicitur,
1254 2384 1443 2436 praemia
1483 2383 1618 2423 laudis
1649 2394 1723 2434 op-

217 2462 354 2510 petere
401 2471 484 2498 non
524 2456 649 2498 facile
688 2456 950 2506 inveniatur,
999 2455 1071 2497 sed
1109 2470 1205 2497 cum
1246 2463 1412 2498 moriem
1452 2456 1496 2496 013
1534 2456 1722 2507 praemia
1759 2455 1763 2457 ’

218 2531 353 2570 laudis
385 2529 505 2570 iuxta
537 2528 678 2583 posita
710 2527 807 2578 sinb,
842 2527 884 2568 in
918 2543 967 2569 ea
1002 2542 1044 2569 re
1079 2527 1339 2570 haerendum
1372 2542 1458 2569 11011
1480 2530 1557 2578 est,
1591 2526 1720 2568 immo

219 2600 306 2642 tale
340 2601 520 2643 liberum
553 2614 687 2655 genus
720 2599 895 2651 dicendi,
928 2614 1012 2654 quo
1043 2597 1288 2655 saepissime
1320 2601 1471 2652 poebae
1503 2601 1546 2640 013
1569 2597 1717 2641 Graeci

218 2676 262 2714 013
293 2671 477 2714 Romani
509 2674 707 2723 utuntur,
740 2671 942 2714 iudicium
980 2672 1176 2714 veritatis
1208 2671 1350 2726 potius
1382 2685 1509 2725 quam
1543 2684 1719 2724 corrup-

217 2745 329 2788 telae
360 2760 448 2787 esse
479 2745 616 2787 debet.
