1950 3256
954 233 1010 283 51

353 362 447 407 Iam
483 364 622 405 restat
636 393 647 414 ,
687 364 736 404 ut
772 360 875 416 quid
908 361 960 403 de
990 359 1074 402 fide
1103 360 1148 402 et
1178 358 1438 402 auctoritate
1472 356 1599 400 huius
1630 357 1733 401 libri

237 426 594 488 iudicandumsit
625 432 813 476 breviter
843 432 1088 475 indicemus,
1151 430 1327 473 Librum
1348 427 1385 472 O
1418 432 1597 486 propter
1627 429 1733 472 satis

238 521 444 565 magnum
498 520 721 548 numerum
774 506 982 548 bonarum
1033 503 1343 559 scripturarum
1389 502 1505 546 inter
1550 504 1735 560 optimos

238 577 402 622 Catulli
430 577 592 621 codices
624 577 868 620 habendum
899 590 988 618 esse
1018 578 1064 618 et
1094 589 1352 631 quamquam
1384 573 1610 630 perpaucis
1630 574 1735 618 locis

238 650 329 694 eius
374 664 502 693 causa
550 664 576 692 a
611 648 876 692 Lachmanni
922 647 1164 690 recensione
1208 646 1486 690 recedendum
1532 645 1603 698 sit,
1650 661 1735 689 non

238 721 551 779 neglegendum
590 735 679 763 esse
718 735 847 776 supra
886 719 1079 762 vidimus.
1149 719 1232 761 Sed
1268 718 1566 774 deprendimus
1604 718 1649 759 in
1686 731 1736 760 eo

239 793 373 836 etiam
402 793 684 836 correctiones
716 792 847 835 falsas
879 792 1050 847 quidem
1070 791 1143 834 sed
1165 805 1247 832 non
1270 789 1551 846 ineleganteS,
1582 790 1737 846 quibus

238 863 526 908 Baehrensius
563 879 607 907 se
636 863 772 920 decipi
807 877 956 919 passus
988 866 1067 908 est.
1130 861 1441 918 Deprendimus
1472 862 1736 917 corruptelas

240 936 405 980 scribae
450 936 724 993 neglegentia
761 938 900 987 ortas,
948 950 970 978 e
1008 935 1162 991 quibus
1203 933 1487 977 Baehrensius
1523 933 1738 976 immerito

242 1008 479 1064 profectus,
519 1008 607 1051 sive
645 1022 715 1051 eas
753 1007 975 1050 defendere
1007 1007 1094 1051 sive
1125 1005 1347 1048 emendare
1378 1005 1541 1058 studet,
1581 1022 1607 1049 a
1638 1021 1738 1049 vero

241 1081 473 1126 aberravit.
549 1079 724 1124 Summa
769 1080 906 1136 igitur
950 1082 1147 1122 cautione
1192 1092 1298 1134 opus
1344 1081 1431 1129 est,
1470 1093 1523 1121 ne
1560 1081 1737 1124 nimiam

241 1153 375 1197 codici
395 1152 432 1196 O
459 1153 587 1195 fidem
608 1152 814 1195 habentes
836 1152 1095 1195 auctoritate
1117 1153 1205 1194 eius
1227 1152 1271 1193 in
1292 1164 1452 1192 errores
1474 1151 1737 1198 inducamur.

241 1224 391 1281 Neque
421 1225 637 1268 inutiliter
673 1223 719 1267 in
751 1223 1016 1266 aestimanda
1053 1224 1179 1266 huius
1210 1223 1311 1265 libri
1342 1221 1601 1266 auctoritate
1632 1225 1740 1268 illud

241 1297 394 1354 respici
438 1296 628 1348 videtur,
676 1295 789 1351 quod
831 1309 928 1338 cum
973 1310 1026 1338 ex
1071 1294 1475 1350 interpolationibus
1522 1294 1738 1339 hominem

240 1369 389 1425 paullo
419 1367 580 1412 acriore
618 1367 789 1425 ingenio
827 1359 1069 1422 praeditum
1106 1368 1151 1409 iu
1190 1382 1240 1409 eo
1277 1367 1527 1422 corrigendo
1564 1382 1736 1423 operam

242 1455 420 1485 navasse
450 1443 743 1497 cognoscatur,
774 1454 870 1482 cum
900 1439 1208 1495 probabilitate
1228 1439 1425 1494 ponimus
1446 1439 1572 1482 illum
1605 1441 1742 1484 inter-

242 1514 342 1556 dum
358 1514 489 1556 etiam
505 1526 649 1555 veram
665 1512 921 1568 scripturam
936 1511 1186 1562 restituisse,
1204 1511 1278 1553 ubi
1295 1513 1532 1553 ceterorum
1554 1513 1742 1556 codicum

242 1586 410 1628 librarii
439 1585 591 1628 falsam
624 1585 848 1640 archetypi
878 1584 1063 1627 fideliter
1093 1583 1332 1626 redderent.
1394 1581 1453 1624 Et
1483 1598 1742 1641 quamquam

243 1658 351 1701 certi
380 1658 427 1700 in
456 1672 507 1699 ea
539 1671 584 1699 rc
614 1656 720 1698 fines
752 1656 931 1700 describi
962 1671 1046 1699 non
1066 1657 1258 1711 possunt,
1291 1657 1435 1696 tamen
1458 1654 1538 1698 hoc
1559 1662 1743 1713 apparet

244 1730 360 1774 haud
390 1743 547 1785 paucas
579 1728 814 1783 scripturas
845 1743 899 1770 ex
930 1743 1075 1771 earum
1108 1741 1299 1778 numero,
1332 1741 1437 1782 quas
1469 1723 1589 1772 veras
1621 1746 1674 1773 ex
1706 1731 1743 1774 Ο

245 1791 524 1852 contulimus,
566 1815 655 1842 esse
692 1800 755 1844 ita
786 1803 1076 1856 comparatas,
1114 1801 1165 1841 ut
1196 1799 1322 1842 facile
1351 1801 1407 1842 ab
1438 1799 1515 1842 illo
1547 1801 1744 1858 indagari

245 1874 478 1930 potuerint.

370 2160 601 2215 Postquam
629 2159 810 2216 singulis
831 2159 1044 2214 capitibus
1076 2159 1127 2201 de
1147 2158 1361 2202 codicibus
1383 2158 1420 2202 G
1443 2163 1488 2203 et
1510 2161 1560 2214 O,
1592 2163 1746 2219 quibus

250 2232 548 2277 Lachmannus
587 2246 687 2273 usus
717 2246 806 2273 non
836 2234 915 2282 est,
948 2231 1125 2287 egimuS,
1165 2228 1251 2274 iam
1282 2231 1413 2274 tertio
1443 2235 1584 2289 capite
1615 2235 1748 2279 disse-

250 2319 390 2348 remus
420 2304 471 2347 de
501 2303 622 2346 libris
645 2303 1016 2346 Lachmannianis.
1080 2302 1172 2353 Qua
1203 2304 1249 2345 in
1280 2306 1405 2359 parte
1435 2306 1631 2348 nostrum
1663 2307 1748 2350 erit

250 2377 484 2433 disquirere
534 2375 585 2418 de
638 2375 790 2417 horum
835 2375 1024 2418 codicum
1078 2377 1122 2417 et
1165 2375 1331 2432 origine
1381 2380 1425 2418 et
1476 2379 1747 2423 auctoritate.

251 2448 396 2503 Atque
416 2447 699 2490 Baehrensius
731 2461 827 2489 cum
857 2461 999 2489 omnes
1019 2447 1151 2489 libros
1182 2449 1354 2502 praeter
1376 2446 1413 2490 Ο
1434 2463 1486 2491 ex
1508 2446 1545 2489 G
1576 2447 1748 2492 fluxisse

252 2519 492 2571 contendit,
531 2521 626 2561 tum
665 2534 718 2562 ne
748 2518 1014 2561 Lachmanni
1051 2519 1222 2574 quidem
1261 2519 1393 2562 libros
1424 2520 1604 2574 excepit.
1666 2519 1748 2564 Sed

250 2605 329 2634 nos
358 2591 443 2634 iam
474 2591 519 2632 in
547 2592 690 2646 prima
719 2593 844 2646 parte
873 2594 918 2634 et
945 2590 1254 2634 Bononiensem
1284 2606 1369 2634 non
1401 2607 1452 2634 ex
1473 2591 1524 2643 G,
1547 2592 1618 2635 sed
1650 2607 1750 2647 pro-

252 2664 347 2719 pria
393 2663 560 2706 ratione
606 2655 663 2705 ex'
696 2661 737 2703 V
782 2663 1019 2706 derivatum
1067 2677 1156 2706 esse
1202 2663 1585 2706 demonstravimus
1623 2667 1668 2707 et
1704 2666 1748 2707 in

252 2735 496 2778 universum
529 2749 656 2790 quam
687 2734 866 2776 infirmis
897 2736 1162 2791 argumentis
1191 2735 1308 2776 illius
1340 2737 1555 2779 sententia
1583 2736 1751 2778 nitatur

253 2806 548 2862 exposuimus.>
598 2806 750 2862 Itaque
790 2806 841 2849 de
878 2807 1020 2850 codice
1052 2807 1086 2849 L
1123 2807 1195 2850 hic
1227 2807 1415 2849 sufficiat
1446 2823 1579 2850 unum
1611 2809 1748 2851 locum

253 2878 451 2920 attulisse
482 2878 694 2929 idoneum,
727 2893 811 2934 quo
833 2879 970 2921 omnis
992 2879 1206 2922 dubitatio
1227 2877 1278 2921 de
1299 2879 1389 2920 eius
1410 2879 1563 2922 codicis
1584 2877 1749 2933 origiue

1494 2936 1539 2972 48
