<?xml version="1.0" encoding="UTF-8"?>
<!DOCTYPE html PUBLIC "-//W3C//DTD XHTML 1.0 Transitional//EN"
    "http://www.w3.org/TR/xhtml1/DTD/xhtml1-transitional.dtd">
<html xmlns="http://www.w3.org/1999/xhtml" xml:lang="en" lang="en">
 <head>
  <title>
</title>
<meta http-equiv="Content-Type" content="text/html;charset=utf-8" />
  <meta name='ocr-system' content='tesseract 3.04.00' />
  <meta name='ocr-capabilities' content='ocr_page ocr_carea ocr_par ocr_line ocrx_word'/>
</head>
<body>
  <div class='ocr_page' id='page_1' title='image "./derecensendiscat00sydouoft_0060.png"; bbox 0 0 1950 3256; ppageno 0'>
   <div class='ocr_carea' id='block_1_1' title="bbox 944 160 999 203">
    <p class='ocr_par' dir='ltr' id='par_1_1' title="bbox 944 160 999 203">
     <span class='ocr_line' id='line_1_1' title="bbox 944 160 999 203; baseline 0 0"><span class='ocrx_word' id='word_1_1' title='bbox 944 160 999 203; x_wconf 82' lang='lat'><em>54</em></span> 
     </span>
    </p>
   </div>
   <div class='ocr_carea' id='block_1_2' title="bbox 225 278 1723 409">
    <p class='ocr_par' dir='ltr' id='par_1_2' title="bbox 225 278 1723 409">
     <span class='ocr_line' id='line_1_2' title="bbox 344 278 1723 336; baseline -0.002 -13"><span class='ocrx_word' id='word_1_2' title='bbox 344 281 472 323; x_wconf 87' lang='lat' dir='ltr'><em>Hunc</em></span> <span class='ocrx_word' id='word_1_3' title='bbox 511 294 680 323; x_wconf 83' lang='lat' dir='ltr'><em>versum</em></span> <span class='ocrx_word' id='word_1_4' title='bbox 720 280 804 322; x_wconf 87' lang='lat' dir='ltr'><em>iam</em></span> <span class='ocrx_word' id='word_1_5' title='bbox 844 293 972 335; x_wconf 84' lang='lat' dir='ltr'><em>supra</em></span> <span class='ocrx_word' id='word_1_6' title='bbox 1011 279 1070 335; x_wconf 85' lang='lat' dir='ltr'><em>(p.</em></span> <span class='ocrx_word' id='word_1_7' title='bbox 1113 278 1188 336; x_wconf 87' lang='lat'><em>33)</em></span> <span class='ocrx_word' id='word_1_8' title='bbox 1229 279 1287 322; x_wconf 89' lang='lat' dir='ltr'><em>sic</em></span> <span class='ocrx_word' id='word_1_9' title='bbox 1325 279 1593 322; x_wconf 78' lang='lat' dir='ltr'><em>scribendum</em></span> <span class='ocrx_word' id='word_1_10' title='bbox 1634 293 1723 321; x_wconf 84' lang='lat' dir='ltr'><em>esse</em></span> 
     </span>
     <span class='ocr_line' id='line_1_3' title="bbox 225 353 515 409; baseline 0.003 -16"><span class='ocrx_word' id='word_1_11' title='bbox 225 353 515 409; x_wconf 86' lang='lat' dir='ltr'><em>probavimus:</em></span> 
     </span>
    </p>
   </div>
   <div class='ocr_carea' id='block_1_3' title="bbox 224 436 1490 564">
    <p class='ocr_par' dir='ltr' id='par_1_3' title="bbox 224 436 1490 564">
     <span class='ocr_line' id='line_1_4' title="bbox 438 436 1490 490; baseline -0.003 -12"><span class='ocrx_word' id='word_1_12' title='bbox 438 438 531 478; x_wconf 88' lang='lat' dir='ltr'><em>Nilo</em></span> <span class='ocrx_word' id='word_1_13' title='bbox 562 437 752 478; x_wconf 90' lang='lat' dir='ltr'><em>mundius</em></span> <span class='ocrx_word' id='word_1_14' title='bbox 782 437 872 486; x_wconf 86' lang='lat' dir='ltr'><em>hoc,</em></span> <span class='ocrx_word' id='word_1_15' title='bbox 905 437 1108 490; x_wconf 75' lang='lat' dir='ltr'><em>nihiloque</em></span> <span class='ocrx_word' id='word_1_16' title='bbox 1138 436 1382 478; x_wconf 79' lang='lat' dir='ltr'><strong><em>immundior</em></strong></span> <span class='ocrx_word' id='word_1_17' title='bbox 1412 436 1490 476; x_wconf 86' lang='lat' dir='ltr'><em>ille.</em></span> 
     </span>
     <span class='ocr_line' id='line_1_5' title="bbox 224 519 969 564; baseline -0.004 0"><span class='ocrx_word' id='word_1_18' title='bbox 224 522 276 564; x_wconf 91' lang='lat' dir='ltr'><em>In</em></span> <span class='ocrx_word' id='word_1_19' title='bbox 309 521 347 564; x_wconf 94' lang='lat' dir='ltr'>D</span> <span class='ocrx_word' id='word_1_20' title='bbox 380 534 526 564; x_wconf 90' lang='lat' dir='ltr'><em>versus</em></span> <span class='ocrx_word' id='word_1_21' title='bbox 556 519 620 561; x_wconf 85' lang='lat' dir='ltr'><em>ita</em></span> <span class='ocrx_word' id='word_1_22' title='bbox 652 520 852 561; x_wconf 87' lang='lat' dir='ltr'><em>exaratus</em></span> <span class='ocrx_word' id='word_1_23' title='bbox 884 522 969 562; x_wconf 90' lang='lat' dir='ltr'><em>est:</em></span> 
     </span>
    </p>
   </div>
   <div class='ocr_carea' id='block_1_4' title="bbox 439 605 1428 647">
    <p class='ocr_par' dir='ltr' id='par_1_4' title="bbox 439 605 1428 647">
     <span class='ocr_line' id='line_1_6' title="bbox 439 605 1428 647; baseline -0.003 0"><span class='ocrx_word' id='word_1_24' title='bbox 439 606 574 647; x_wconf 79' lang='lat' dir='ltr'><em>Nihilo</em></span> <span class='ocrx_word' id='word_1_25' title='bbox 607 605 795 646; x_wconf 88' lang='lat' dir='ltr'><em>mundior</em></span> <span class='ocrx_word' id='word_1_26' title='bbox 826 605 901 645; x_wconf 86' lang='lat' dir='ltr'><em>hoe</em></span> <span class='ocrx_word' id='word_1_27' title='bbox 932 605 1055 646; x_wconf 77' lang='lat' dir='ltr'><em>nihilo</em></span> <span class='ocrx_word' id='word_1_28' title='bbox 1085 605 1330 646; x_wconf 79' lang='lat' dir='ltr'><em>immundior</em></span> <span class='ocrx_word' id='word_1_29' title='bbox 1359 605 1428 645; x_wconf 87' lang='lat' dir='ltr'><em>illo</em></span> 
     </span>
    </p>
   </div>
   <div class='ocr_carea' id='block_1_5' title="bbox 226 686 1734 1105">
    <p class='ocr_par' dir='ltr' id='par_1_5' title="bbox 226 686 1734 1105">
     <span class='ocr_line' id='line_1_7' title="bbox 226 686 1730 732; baseline -0.005 0"><span class='ocrx_word' id='word_1_30' title='bbox 226 692 271 732; x_wconf 85' lang='lat' dir='ltr'><em>et</em></span> <span class='ocrx_word' id='word_1_31' title='bbox 303 688 525 732; x_wconf 81' lang='lat' dir='ltr'><em>Schwabio</em></span> <span class='ocrx_word' id='word_1_32' title='bbox 565 688 676 730; x_wconf 87' lang='lat' dir='ltr'><em>teste</em></span> <span class='ocrx_word' id='word_1_33' title='bbox 713 702 738 729; x_wconf 83' lang='lat' dir='ltr'><strong>a</strong></span> <span class='ocrx_word' id='word_1_34' title='bbox 775 686 958 730; x_wconf 85' lang='lat' dir='ltr'><em>secunda</em></span> <span class='ocrx_word' id='word_1_35' title='bbox 998 701 1129 730; x_wconf 86' lang='lat' dir='ltr'><em>manu</em></span> <span class='ocrx_word' id='word_1_36' title='bbox 1168 690 1268 730; x_wconf 84' lang='lat' dir='ltr'><em>ante</em></span> <span class='ocrx_word' id='word_1_37' title='bbox 1306 701 1449 729; x_wconf 89' lang='lat' dir='ltr'><em>vocem</em></span> <span class='ocrx_word' id='word_1_38' title='bbox 1487 686 1730 728; x_wconf 79' lang='lat' dir='ltr'><em>immundior</em></span> 
     </span>
     <span class='ocr_line' id='line_1_8' title="bbox 228 756 1730 814; baseline -0.003 -10"><span class='ocrx_word' id='word_1_39' title='bbox 228 761 421 804; x_wconf 85' lang='lat' dir='ltr'><em>additum</em></span> <span class='ocrx_word' id='word_1_40' title='bbox 453 763 518 803; x_wconf 90' lang='lat' dir='ltr'><em>est</em></span> <span class='ocrx_word' id='word_1_41' title='bbox 550 760 725 802; x_wconf 85' lang='lat' dir='ltr'><em>verbum</em></span> <span class='ocrx_word' id='word_1_42' title='bbox 759 766 829 802; x_wconf 82' lang='lat' dir='ltr'><em>est.</em></span> <span class='ocrx_word' id='word_1_43' title='bbox 895 757 975 801; x_wconf 82' lang='lat' dir='ltr'><em>Sed</em></span> <span class='ocrx_word' id='word_1_44' title='bbox 1007 759 1112 801; x_wconf 86' lang='lat' dir='ltr'>haec</span> <span class='ocrx_word' id='word_1_45' title='bbox 1143 773 1280 814; x_wconf 89' lang='lat' dir='ltr'><em>neque</em></span> <span class='ocrx_word' id='word_1_46' title='bbox 1313 758 1458 801; x_wconf 87' lang='lat' dir='ltr'><em>addito</em></span> <span class='ocrx_word' id='word_1_47' title='bbox 1489 758 1565 800; x_wconf 87' lang='lat' dir='ltr'><em>illo</em></span> <span class='ocrx_word' id='word_1_48' title='bbox 1601 756 1730 800; x_wconf 88' lang='lat' dir='ltr'><em>verbo</em></span> 
     </span>
     <span class='ocr_line' id='line_1_9' title="bbox 228 831 1731 888; baseline -0.004 -12"><span class='ocrx_word' id='word_1_49' title='bbox 228 848 363 888; x_wconf 86' lang='lat' dir='ltr'><em>neque</em></span> <span class='ocrx_word' id='word_1_50' title='bbox 396 832 550 875; x_wconf 87' lang='lat' dir='ltr'><em>omisso</em></span> <span class='ocrx_word' id='word_1_51' title='bbox 573 832 832 874; x_wconf 84' lang='lat' dir='ltr'><em>sententiam</em></span> <span class='ocrx_word' id='word_1_52' title='bbox 854 832 1062 886; x_wconf 73' lang='lat' dir='ltr'><em>praebent</em></span> <span class='ocrx_word' id='word_1_53' title='bbox 1085 846 1262 886; x_wconf 82' lang='lat' dir='ltr'><em>eamque</em></span> <span class='ocrx_word' id='word_1_54' title='bbox 1295 831 1348 873; x_wconf 89' lang='lat' dir='ltr'><em>ob</em></span> <span class='ocrx_word' id='word_1_55' title='bbox 1380 845 1551 873; x_wconf 83' lang='lat' dir='ltr'><em>causam</em></span> <span class='ocrx_word' id='word_1_56' title='bbox 1582 845 1607 872; x_wconf 84' lang='lat' dir='ltr'>a</span> <span class='ocrx_word' id='word_1_57' title='bbox 1638 843 1731 871; x_wconf 88' lang='lat' dir='ltr'><em>cor-</em></span> 
     </span>
     <span class='ocr_line' id='line_1_10' title="bbox 229 900 1732 958; baseline -0.003 -11"><span class='ocrx_word' id='word_1_58' title='bbox 229 908 394 948; x_wconf 77' lang='lat' dir='ltr'><em>rectore</em></span> <span class='ocrx_word' id='word_1_59' title='bbox 428 906 525 946; x_wconf 84' lang='lat' dir='ltr'><em>orta</em></span> <span class='ocrx_word' id='word_1_60' title='bbox 557 918 645 946; x_wconf 84' lang='lat' dir='ltr'><em>esse</em></span> <span class='ocrx_word' id='word_1_61' title='bbox 683 918 767 946; x_wconf 88' lang='lat' dir='ltr'><em>non</em></span> <span class='ocrx_word' id='word_1_62' title='bbox 800 905 992 958; x_wconf 86' lang='lat' dir='ltr'><em>possunt.</em></span> <span class='ocrx_word' id='word_1_63' title='bbox 1056 902 1137 945; x_wconf 80' lang='lat' dir='ltr'><em>Sed</em></span> <span class='ocrx_word' id='word_1_64' title='bbox 1169 917 1264 945; x_wconf 89' lang='lat' dir='ltr'><em>cum</em></span> <span class='ocrx_word' id='word_1_65' title='bbox 1296 903 1335 945; x_wconf 93' lang='lat' dir='ltr'>D</span> <span class='ocrx_word' id='word_1_66' title='bbox 1369 903 1585 945; x_wconf 83' lang='lat' dir='ltr'><em>derivatus</em></span> <span class='ocrx_word' id='word_1_67' title='bbox 1616 900 1732 943; x_wconf 85' lang='lat' dir='ltr'><em>vide-</em></span> 
     </span>
     <span class='ocr_line' id='line_1_11' title="bbox 231 973 1732 1036; baseline -0.003 -17"><span class='ocrx_word' id='word_1_68' title='bbox 231 979 330 1020; x_wconf 86' lang='lat' dir='ltr'><em>atur</em></span> <span class='ocrx_word' id='word_1_69' title='bbox 379 991 430 1019; x_wconf 89' lang='lat' dir='ltr'><em>ex</em></span> <span class='ocrx_word' id='word_1_70' title='bbox 469 976 609 1036; x_wconf 88' lang='lat' dir='ltr'><em>codice</em></span> <span class='ocrx_word' id='word_1_71' title='bbox 649 977 723 1031; x_wconf 86' lang='lat' dir='ltr'><em>qui</em></span> <span class='ocrx_word' id='word_1_72' title='bbox 763 976 1012 1019; x_wconf 84' lang='lat' dir='ltr'><em>correctoris</em></span> <span class='ocrx_word' id='word_1_73' title='bbox 1053 990 1223 1018; x_wconf 86' lang='lat' dir='ltr'><em>manum</em></span> <span class='ocrx_word' id='word_1_74' title='bbox 1262 989 1410 1030; x_wconf 86' lang='lat' dir='ltr'><em>passus</em></span> <span class='ocrx_word' id='word_1_75' title='bbox 1450 979 1565 1026; x_wconf 83' lang='lat' dir='ltr'><em>erat,</em></span> <span class='ocrx_word' id='word_1_76' title='bbox 1605 973 1732 1016; x_wconf 89' lang='lat' dir='ltr'><em>facile</em></span> 
     </span>
     <span class='ocr_line' id='line_1_12' title="bbox 230 1046 1734 1105; baseline -0.003 -14"><span class='ocrx_word' id='word_1_77' title='bbox 230 1050 368 1092; x_wconf 81' lang='lat' dir='ltr'><em>oritur</em></span> <span class='ocrx_word' id='word_1_78' title='bbox 400 1048 595 1105; x_wconf 87' lang='lat' dir='ltr'><em>suspicio,</em></span> <span class='ocrx_word' id='word_1_79' title='bbox 628 1063 681 1091; x_wconf 92' lang='lat' dir='ltr'><em>ne</em></span> <span class='ocrx_word' id='word_1_80' title='bbox 702 1048 865 1091; x_wconf 86' lang='lat' dir='ltr'><em>Datani</em></span> <span class='ocrx_word' id='word_1_81' title='bbox 896 1047 1098 1091; x_wconf 86' lang='lat' dir='ltr'><em>librarius</em></span> <span class='ocrx_word' id='word_1_82' title='bbox 1130 1047 1356 1103; x_wconf 77' lang='lat' dir='ltr'><em>archetypi</em></span> <span class='ocrx_word' id='word_1_83' title='bbox 1388 1047 1453 1089; x_wconf 88' lang='lat' dir='ltr'><em>sui</em></span> <span class='ocrx_word' id='word_1_84' title='bbox 1476 1046 1734 1102; x_wconf 80' lang='lat' dir='ltr'><em>scripturam</em></span> 
     </span>
    </p>
   </div>
   <div class='ocr_carea' id='block_1_6' title="bbox 231 1117 1734 1236">
    <p class='ocr_par' dir='ltr' id='par_1_6' title="bbox 231 1117 1734 1236">
     <span class='ocr_line' id='line_1_13' title="bbox 231 1117 1734 1175; baseline -0.003 -10"><span class='ocrx_word' id='word_1_85' title='bbox 231 1138 256 1165; x_wconf 89' lang='lat' dir='ltr'>a</span> <span class='ocrx_word' id='word_1_86' title='bbox 303 1124 540 1164; x_wconf 82' lang='lat' dir='ltr'><em>correctore</em></span> <span class='ocrx_word' id='word_1_87' title='bbox 587 1121 662 1163; x_wconf 83' lang='lat' dir='ltr'><em>illo</em></span> <span class='ocrx_word' id='word_1_88' title='bbox 711 1120 906 1163; x_wconf 86' lang='lat' dir='ltr'><em>effectam</em></span> <span class='ocrx_word' id='word_1_89' title='bbox 955 1119 1311 1175; x_wconf 70' lang='lat' dir='ltr'><em>pessumdederit,</em></span> <span class='ocrx_word' id='word_1_90' title='bbox 1360 1134 1408 1162; x_wconf 88' lang='lat' dir='ltr'><em>ea</em></span> <span class='ocrx_word' id='word_1_91' title='bbox 1456 1117 1570 1161; x_wconf 86' lang='lat' dir='ltr'><em>haud</em></span> <span class='ocrx_word' id='word_1_92' title='bbox 1609 1117 1734 1160; x_wconf 87' lang='lat' dir='ltr'><em>dubie</em></span> 
     </span>
     <span class='ocr_line' id='line_1_14' title="bbox 232 1192 474 1236; baseline -0.008 0"><span class='ocrx_word' id='word_1_93' title='bbox 232 1194 338 1236; x_wconf 86' lang='lat' dir='ltr'>haec</span> <span class='ocrx_word' id='word_1_94' title='bbox 369 1192 474 1235; x_wconf 83' lang='lat' dir='ltr'><em>fuit:</em></span> 
     </span>
    </p>
   </div>
   <div class='ocr_carea' id='block_1_7' title="bbox 445 1274 1734 1406">
    <p class='ocr_par' dir='ltr' id='par_1_7' title="bbox 445 1274 1734 1406">
     <span class='ocr_line' id='line_1_15' title="bbox 445 1274 1734 1332; baseline -0.002 -13"><span class='ocrx_word' id='word_1_95' title='bbox 445 1278 538 1320; x_wconf 86' lang='lat' dir='ltr'><em>Nilo</em></span> <span class='ocrx_word' id='word_1_96' title='bbox 585 1277 775 1319; x_wconf 84' lang='lat' dir='ltr'><em>mundior</em></span> <span class='ocrx_word' id='word_1_97' title='bbox 825 1278 891 1318; x_wconf 86' lang='lat' dir='ltr'><em>hie</em></span> <span class='ocrx_word' id='word_1_98' title='bbox 943 1274 1019 1332; x_wconf 89' lang='lat' dir='ltr'><em>(sc.</em></span> <span class='ocrx_word' id='word_1_99' title='bbox 1060 1275 1220 1332; x_wconf 87' lang='lat' dir='ltr'><em>culus),</em></span> <span class='ocrx_word' id='word_1_100' title='bbox 1272 1278 1433 1331; x_wconf 85' lang='lat' dir='ltr'><em>niloque</em></span> <span class='ocrx_word' id='word_1_101' title='bbox 1486 1276 1734 1318; x_wconf 85' lang='lat' dir='ltr'><em>immundior</em></span> 
     </span>
     <span class='ocr_line' id='line_1_16' title="bbox 1135 1346 1451 1406; baseline 0.009 -16"><span class='ocrx_word' id='word_1_102' title='bbox 1135 1350 1205 1391; x_wconf 90' lang='lat' dir='ltr'><em>illo</em></span> <span class='ocrx_word' id='word_1_103' title='bbox 1239 1346 1312 1406; x_wconf 88' lang='lat' dir='ltr'><em>(sc.</em></span> <span class='ocrx_word' id='word_1_104' title='bbox 1346 1349 1451 1405; x_wconf 81' lang='lat' dir='ltr'><em>ore).</em></span> 
     </span>
    </p>
   </div>
   <div class='ocr_carea' id='block_1_8' title="bbox 233 1432 1744 2573">
    <p class='ocr_par' dir='ltr' id='par_1_8' title="bbox 233 1432 1742 2199">
     <span class='ocr_line' id='line_1_17' title="bbox 233 1432 1737 1489; baseline -0.001 -14"><span class='ocrx_word' id='word_1_105' title='bbox 233 1432 376 1489; x_wconf 86' lang='lat' dir='ltr'>Atque</span> <span class='ocrx_word' id='word_1_106' title='bbox 418 1434 462 1476; x_wconf 88' lang='lat' dir='ltr'><em>in</em></span> <span class='ocrx_word' id='word_1_107' title='bbox 504 1432 585 1480; x_wconf 86' lang='lat' dir='ltr'><em>hac</em></span> <span class='ocrx_word' id='word_1_108' title='bbox 624 1433 755 1476; x_wconf 85' lang='lat' dir='ltr'>verba</span> <span class='ocrx_word' id='word_1_109' title='bbox 785 1434 1030 1476; x_wconf 85' lang='lat' dir='ltr'><em>immundior</em></span> <span class='ocrx_word' id='word_1_110' title='bbox 1061 1435 1130 1476; x_wconf 80' lang='lat' dir='ltr'><em>illo</em></span> <span class='ocrx_word' id='word_1_111' title='bbox 1162 1433 1325 1476; x_wconf 84' lang='lat' dir='ltr'><em>censori</em></span> <span class='ocrx_word' id='word_1_112' title='bbox 1358 1433 1501 1476; x_wconf 88' lang='lat' dir='ltr'><em>deberi</em></span> <span class='ocrx_word' id='word_1_113' title='bbox 1533 1434 1737 1489; x_wconf 83' lang='lat' dir='ltr'>apparet3</span> 
     </span>
     <span class='ocr_line' id='line_1_18' title="bbox 233 1504 1736 1562; baseline -0.001 -14"><span class='ocrx_word' id='word_1_114' title='bbox 233 1506 304 1548; x_wconf 91' lang='lat' dir='ltr'><em>sed</em></span> <span class='ocrx_word' id='word_1_115' title='bbox 345 1505 520 1548; x_wconf 83' lang='lat' dir='ltr'><em>difficile</em></span> <span class='ocrx_word' id='word_1_116' title='bbox 558 1505 838 1557; x_wconf 84' lang='lat' dir='ltr'><em>diiudicatur,</em></span> <span class='ocrx_word' id='word_1_117' title='bbox 886 1507 1035 1547; x_wconf 90' lang='lat' dir='ltr'><em>utrum</em></span> <span class='ocrx_word' id='word_1_118' title='bbox 1071 1507 1295 1560; x_wconf 82' lang='lat' dir='ltr'><em>nihiloque,</em></span> <span class='ocrx_word' id='word_1_119' title='bbox 1334 1520 1412 1562; x_wconf 91' lang='lat' dir='ltr'><em>pro</em></span> <span class='ocrx_word' id='word_1_120' title='bbox 1450 1520 1533 1560; x_wconf 89' lang='lat' dir='ltr'><em>quo</em></span> <span class='ocrx_word' id='word_1_121' title='bbox 1566 1504 1603 1547; x_wconf 85' lang='lat' dir='ltr'>G</span> <span class='ocrx_word' id='word_1_122' title='bbox 1641 1505 1736 1547; x_wconf 83' lang='lat' dir='ltr'><em>cum</em></span> 
     </span>
     <span class='ocr_line' id='line_1_19' title="bbox 235 1576 1738 1633; baseline -0.001 -13"><span class='ocrx_word' id='word_1_123' title='bbox 235 1578 386 1620; x_wconf 86' lang='lat' dir='ltr'><em>ceteris</em></span> <span class='ocrx_word' id='word_1_124' title='bbox 424 1577 638 1633; x_wconf 86' lang='lat' dir='ltr'><em>plerisque</em></span> <span class='ocrx_word' id='word_1_125' title='bbox 686 1592 911 1633; x_wconf 83' lang='lat' dir='ltr'><em>perperam</em></span> <span class='ocrx_word' id='word_1_126' title='bbox 943 1579 1137 1633; x_wconf 83' lang='lat' dir='ltr'><em>nobisque</em></span> <span class='ocrx_word' id='word_1_127' title='bbox 1169 1577 1363 1629; x_wconf 86' lang='lat' dir='ltr'><em>exhibet,</em></span> <span class='ocrx_word' id='word_1_128' title='bbox 1407 1577 1652 1620; x_wconf 81' lang='lat' dir='ltr'><em>coniectura</em></span> <span class='ocrx_word' id='word_1_129' title='bbox 1683 1576 1738 1619; x_wconf 83' lang='lat' dir='ltr'><em>ab</em></span> 
     </span>
     <span class='ocr_line' id='line_1_20' title="bbox 238 1649 1738 1706; baseline -0.001 -14"><span class='ocrx_word' id='word_1_130' title='bbox 238 1650 382 1693; x_wconf 85' lang='lat' dir='ltr'><em>eodem</em></span> <span class='ocrx_word' id='word_1_131' title='bbox 420 1649 674 1706; x_wconf 85' lang='lat' dir='ltr'><em>indagatum</em></span> <span class='ocrx_word' id='word_1_132' title='bbox 715 1650 772 1692; x_wconf 88' lang='lat' dir='ltr'><em>sit</em></span> <span class='ocrx_word' id='word_1_133' title='bbox 812 1666 869 1693; x_wconf 87' lang='lat' dir='ltr'><em>an</em></span> <span class='ocrx_word' id='word_1_134' title='bbox 907 1665 929 1692; x_wconf 92' lang='lat' dir='ltr'><em>e</em></span> <span class='ocrx_word' id='word_1_135' title='bbox 969 1651 1080 1692; x_wconf 88' lang='lat' dir='ltr'><em>bono</em></span> <span class='ocrx_word' id='word_1_136' title='bbox 1120 1650 1237 1693; x_wconf 88' lang='lat' dir='ltr'><em>fonte</em></span> <span class='ocrx_word' id='word_1_137' title='bbox 1274 1649 1461 1694; x_wconf 86' lang='lat' dir='ltr'><em>fluxerit.</em></span> <span class='ocrx_word' id='word_1_138' title='bbox 1524 1651 1738 1705; x_wconf 83' lang='lat' dir='ltr'><em>Nihiloque</em></span> 
     </span>
     <span class='ocr_line' id='line_1_21' title="bbox 238 1720 1739 1779; baseline -0.001 -14"><span class='ocrx_word' id='word_1_139' title='bbox 238 1737 317 1779; x_wconf 93' lang='lat' dir='ltr'><em>pro</em></span> <span class='ocrx_word' id='word_1_140' title='bbox 349 1724 544 1777; x_wconf 86' lang='lat' dir='ltr'><em>nobisque</em></span> <span class='ocrx_word' id='word_1_141' title='bbox 575 1721 818 1765; x_wconf 87' lang='lat' dir='ltr'><em>coniectura</em></span> <span class='ocrx_word' id='word_1_142' title='bbox 850 1723 1074 1766; x_wconf 81' lang='lat' dir='ltr'><em>inventum</em></span> <span class='ocrx_word' id='word_1_143' title='bbox 1106 1737 1195 1765; x_wconf 86' lang='lat' dir='ltr'><em>esse</em></span> <span class='ocrx_word' id='word_1_144' title='bbox 1227 1723 1265 1765; x_wconf 93' lang='lat' dir='ltr'><em>ei</em></span> <span class='ocrx_word' id='word_1_145' title='bbox 1296 1723 1471 1778; x_wconf 87' lang='lat' dir='ltr'><em>ponent,</em></span> <span class='ocrx_word' id='word_1_146' title='bbox 1510 1721 1584 1777; x_wconf 90' lang='lat' dir='ltr'><em>qui</em></span> <span class='ocrx_word' id='word_1_147' title='bbox 1615 1720 1654 1763; x_wconf 92' lang='lat' dir='ltr'>D</span> <span class='ocrx_word' id='word_1_148' title='bbox 1687 1735 1739 1763; x_wconf 84' lang='lat' dir='ltr'><em>ex</em></span> 
     </span>
     <span class='ocr_line' id='line_1_22' title="bbox 238 1793 1740 1851; baseline -0.001 -15"><span class='ocrx_word' id='word_1_149' title='bbox 238 1793 275 1836; x_wconf 85' lang='lat' dir='ltr'><strong>G</strong></span> <span class='ocrx_word' id='word_1_150' title='bbox 306 1794 547 1837; x_wconf 84' lang='lat' dir='ltr'><em>derivatum</em></span> <span class='ocrx_word' id='word_1_151' title='bbox 587 1808 676 1836; x_wconf 89' lang='lat' dir='ltr'><em>esse</em></span> <span class='ocrx_word' id='word_1_152' title='bbox 714 1795 877 1837; x_wconf 86' lang='lat' dir='ltr'><em>volunt.</em></span> <span class='ocrx_word' id='word_1_153' title='bbox 942 1795 992 1838; x_wconf 82' lang='lat' dir='ltr'><em>Id</em></span> <span class='ocrx_word' id='word_1_154' title='bbox 1029 1795 1122 1837; x_wconf 90' lang='lat' dir='ltr'><em>fieri</em></span> <span class='ocrx_word' id='word_1_155' title='bbox 1162 1795 1350 1851; x_wconf 88' lang='lat' dir='ltr'><em>potuisse</em></span> <span class='ocrx_word' id='word_1_156' title='bbox 1382 1809 1466 1836; x_wconf 86' lang='lat' dir='ltr'><em>non</em></span> <span class='ocrx_word' id='word_1_157' title='bbox 1498 1793 1740 1849; x_wconf 83' lang='lat' dir='ltr'>praefracte</span> 
     </span>
     <span class='ocr_line' id='line_1_23' title="bbox 239 1865 1740 1923; baseline -0.001 -15"><span class='ocrx_word' id='word_1_158' title='bbox 239 1866 486 1923; x_wconf 87' lang='lat' dir='ltr'><em>negaverim</em></span> <span class='ocrx_word' id='word_1_159' title='bbox 525 1880 660 1921; x_wconf 86' lang='lat' dir='ltr'><em>neque</em></span> <span class='ocrx_word' id='word_1_160' title='bbox 700 1881 799 1908; x_wconf 86' lang='lat' dir='ltr'><em>vero</em></span> <span class='ocrx_word' id='word_1_161' title='bbox 839 1866 1024 1910; x_wconf 88' lang='lat' dir='ltr'>libenter</span> <span class='ocrx_word' id='word_1_162' title='bbox 1061 1867 1275 1922; x_wconf 86' lang='lat' dir='ltr'><em>posuerim</em></span> <span class='ocrx_word' id='word_1_163' title='bbox 1314 1866 1477 1909; x_wconf 86' lang='lat' dir='ltr'><em>factum</em></span> <span class='ocrx_word' id='word_1_164' title='bbox 1516 1879 1618 1909; x_wconf 84' lang='lat' dir='ltr'><em>esse.</em></span> <span class='ocrx_word' id='word_1_165' title='bbox 1681 1865 1740 1907; x_wconf 88' lang='lat' dir='ltr'><em>Et</em></span> 
     </span>
     <span class='ocr_line' id='line_1_24' title="bbox 239 1936 1738 1995; baseline -0.001 -14"><span class='ocrx_word' id='word_1_166' title='bbox 239 1939 275 1981; x_wconf 89' lang='lat' dir='ltr'><em>si</em></span> <span class='ocrx_word' id='word_1_167' title='bbox 306 1938 461 1982; x_wconf 89' lang='lat' dir='ltr'><em>codicis</em></span> <span class='ocrx_word' id='word_1_168' title='bbox 494 1937 530 1980; x_wconf 93' lang='grc' dir='ltr'><strong>Ο</strong></span> <span class='ocrx_word' id='word_1_169' title='bbox 562 1939 856 1981; x_wconf 88' lang='lat' dir='ltr'><em>testimonium</em></span> <span class='ocrx_word' id='word_1_170' title='bbox 888 1939 1149 1995; x_wconf 84' lang='lat' dir='ltr'><em>respicimus,</em></span> <span class='ocrx_word' id='word_1_171' title='bbox 1190 1954 1242 1982; x_wconf 90' lang='lat' dir='ltr'><em>ex</em></span> <span class='ocrx_word' id='word_1_172' title='bbox 1273 1954 1356 1995; x_wconf 91' lang='lat' dir='ltr'><em>quo</em></span> <span class='ocrx_word' id='word_1_173' title='bbox 1387 1941 1591 1993; x_wconf 84' lang='lat' dir='ltr'><em>nihiloque</em></span> <span class='ocrx_word' id='word_1_174' title='bbox 1622 1939 1664 1980; x_wconf 90' lang='lat' dir='ltr'><em>in</em></span> <span class='ocrx_word' id='word_1_175' title='bbox 1698 1936 1738 1979; x_wconf 91' lang='lat' dir='ltr'><strong>V</strong></span> 
     </span>
     <span class='ocr_line' id='line_1_25' title="bbox 238 2010 1740 2067; baseline -0.001 -13"><span class='ocrx_word' id='word_1_176' title='bbox 238 2011 367 2054; x_wconf 86' lang='lat' dir='ltr'><em>fuisse</em></span> <span class='ocrx_word' id='word_1_177' title='bbox 398 2012 581 2063; x_wconf 84' lang='lat' dir='ltr'><em>constat,</em></span> <span class='ocrx_word' id='word_1_178' title='bbox 612 2011 648 2054; x_wconf 90' lang='lat' dir='ltr'><em>si</em></span> <span class='ocrx_word' id='word_1_179' title='bbox 679 2011 783 2054; x_wconf 87' lang='lat' dir='ltr'><em>duos</em></span> <span class='ocrx_word' id='word_1_180' title='bbox 815 2011 911 2053; x_wconf 86' lang='lat' dir='ltr'><em>illos</em></span> <span class='ocrx_word' id='word_1_181' title='bbox 941 2012 1054 2054; x_wconf 85' lang='lat' dir='ltr'><em>locos</em></span> <span class='ocrx_word' id='word_1_182' title='bbox 1076 2011 1336 2067; x_wconf 85' lang='lat' dir='ltr'><em>respicimus,</em></span> <span class='ocrx_word' id='word_1_183' title='bbox 1369 2011 1419 2053; x_wconf 91' lang='lat' dir='ltr'><em>de</em></span> <span class='ocrx_word' id='word_1_184' title='bbox 1441 2010 1595 2066; x_wconf 89' lang='lat' dir='ltr'><em>quibus</em></span> <span class='ocrx_word' id='word_1_185' title='bbox 1617 2010 1740 2053; x_wconf 89' lang='lat' dir='ltr'><em>modo</em></span> 
     </span>
     <span class='ocr_line' id='line_1_26' title="bbox 240 2068 1742 2140; baseline -0.001 -15"><span class='ocrx_word' id='word_1_186' title='bbox 240 2084 417 2139; x_wconf 81' lang='lat' dir='ltr'><em>egimus,</em></span> <span class='ocrx_word' id='word_1_187' title='bbox 450 2068 714 2138; x_wconf 46' lang='lat' dir='ltr'><em>probabilius</em></span> <span class='ocrx_word' id='word_1_188' title='bbox 744 2082 959 2125; x_wconf 85' lang='lat' dir='ltr'><em>videbitur</em></span> <span class='ocrx_word' id='word_1_189' title='bbox 990 2084 1120 2126; x_wconf 87' lang='lat' dir='ltr'><em>etiam</em></span> <span class='ocrx_word' id='word_1_190' title='bbox 1143 2084 1223 2126; x_wconf 91' lang='lat' dir='ltr'><em>hoc</em></span> <span class='ocrx_word' id='word_1_191' title='bbox 1243 2084 1336 2127; x_wconf 89' lang='lat' dir='ltr'><em>loco</em></span> <span class='ocrx_word' id='word_1_192' title='bbox 1357 2083 1586 2140; x_wconf 85' lang='lat' dir='ltr'><em>genuinam</em></span> <span class='ocrx_word' id='word_1_193' title='bbox 1607 2082 1742 2138; x_wconf 90' lang='lat' dir='ltr'><em>scrip·</em></span> 
     </span>
     <span class='ocr_line' id='line_1_27' title="bbox 239 2153 955 2199; baseline 0.003 -2"><span class='ocrx_word' id='word_1_194' title='bbox 239 2158 383 2197; x_wconf 86' lang='lat' dir='ltr'><em>turam</em></span> <span class='ocrx_word' id='word_1_195' title='bbox 415 2170 467 2197; x_wconf 89' lang='lat' dir='ltr'><em>ex</em></span> <span class='ocrx_word' id='word_1_196' title='bbox 499 2153 540 2196; x_wconf 93' lang='lat' dir='ltr'><strong>V</strong></span> <span class='ocrx_word' id='word_1_197' title='bbox 571 2155 616 2197; x_wconf 89' lang='lat' dir='ltr'><em>in</em></span> <span class='ocrx_word' id='word_1_198' title='bbox 647 2154 687 2196; x_wconf 93' lang='lat' dir='ltr'>D</span> <span class='ocrx_word' id='word_1_199' title='bbox 720 2155 955 2199; x_wconf 82' lang='lat' dir='ltr'><em>transiisse.</em></span> 
     </span>
    </p>

    <p class='ocr_par' dir='ltr' id='par_1_9' title="bbox 242 2226 1744 2573">
     <span class='ocr_line' id='line_1_28' title="bbox 361 2226 1744 2284; baseline -0.002 -14"><span class='ocrx_word' id='word_1_200' title='bbox 361 2227 523 2270; x_wconf 83' lang='lat' dir='ltr'><em>Eadem</em></span> <span class='ocrx_word' id='word_1_201' title='bbox 567 2230 631 2270; x_wconf 89' lang='lat' dir='ltr'><em>est</em></span> <span class='ocrx_word' id='word_1_202' title='bbox 669 2228 782 2270; x_wconf 83' lang='lat' dir='ltr'><em>ratio</em></span> <span class='ocrx_word' id='word_1_203' title='bbox 822 2228 1005 2271; x_wconf 85' lang='lat' dir='ltr'><em>aliorum</em></span> <span class='ocrx_word' id='word_1_204' title='bbox 1048 2228 1313 2284; x_wconf 88' lang='lat' dir='ltr'><em>quorundam</em></span> <span class='ocrx_word' id='word_1_205' title='bbox 1349 2227 1556 2279; x_wconf 88' lang='lat' dir='ltr'><em>locorum,</em></span> <span class='ocrx_word' id='word_1_206' title='bbox 1590 2226 1744 2282; x_wconf 86' lang='lat' dir='ltr'><em>quibus</em></span> 
     </span>
     <span class='ocr_line' id='line_1_29' title="bbox 242 2298 1742 2355; baseline -0.001 -12"><span class='ocrx_word' id='word_1_207' title='bbox 242 2315 337 2344; x_wconf 89' lang='lat' dir='ltr'><em>cum</em></span> <span class='ocrx_word' id='word_1_208' title='bbox 370 2300 406 2343; x_wconf 90' lang='lat' dir='ltr'>O</span> <span class='ocrx_word' id='word_1_209' title='bbox 446 2301 490 2342; x_wconf 92' lang='lat' dir='ltr'><em>et</em></span> <span class='ocrx_word' id='word_1_210' title='bbox 521 2300 561 2343; x_wconf 94' lang='lat' dir='ltr'>D</span> <span class='ocrx_word' id='word_1_211' title='bbox 600 2301 645 2342; x_wconf 90' lang='lat' dir='ltr'><em>in</em></span> <span class='ocrx_word' id='word_1_212' title='bbox 684 2300 1037 2355; x_wconf 77' lang='lat' dir='ltr'><em>vera-scriptura</em></span> <span class='ocrx_word' id='word_1_213' title='bbox 1070 2300 1356 2351; x_wconf 84' lang='lat' dir='ltr'><em>consentiant,</em></span> <span class='ocrx_word' id='word_1_214' title='bbox 1397 2298 1434 2341; x_wconf 77' lang='lat' dir='ltr'><em>Gr</em></span> <span class='ocrx_word' id='word_1_215' title='bbox 1465 2301 1615 2342; x_wconf 87' lang='lat' dir='ltr'><em>contra</em></span> <span class='ocrx_word' id='word_1_216' title='bbox 1646 2313 1742 2341; x_wconf 89' lang='lat' dir='ltr'><em>cum</em></span> 
     </span>
     <span class='ocr_line' id='line_1_30' title="bbox 243 2372 1743 2429; baseline -0.001 -14"><span class='ocrx_word' id='word_1_217' title='bbox 243 2373 395 2416; x_wconf 89' lang='lat' dir='ltr'><em>ceteris</em></span> <span class='ocrx_word' id='word_1_218' title='bbox 455 2372 671 2429; x_wconf 90' lang='lat' dir='ltr'><em>plerisque</em></span> <span class='ocrx_word' id='word_1_219' title='bbox 723 2375 971 2428; x_wconf 84' lang='lat' dir='ltr'><em>corruptam</em></span> <span class='ocrx_word' id='word_1_220' title='bbox 1023 2373 1248 2428; x_wconf 86' lang='lat' dir='ltr'><em>praebeat,</em></span> <span class='ocrx_word' id='word_1_221' title='bbox 1303 2372 1543 2426; x_wconf 86' lang='lat' dir='ltr'><em>quaeritur,</em></span> <span class='ocrx_word' id='word_1_222' title='bbox 1597 2374 1743 2414; x_wconf 87' lang='lat' dir='ltr'><em>utrum</em></span> 
     </span>
     <span class='ocr_line' id='line_1_31' title="bbox 243 2441 1743 2500; baseline -0.002 -12"><span class='ocrx_word' id='word_1_223' title='bbox 243 2445 406 2488; x_wconf 86' lang='lat' dir='ltr'><em>Datani</em></span> <span class='ocrx_word' id='word_1_224' title='bbox 452 2445 665 2500; x_wconf 83' lang='lat' dir='ltr'><em>scriptura</em></span> <span class='ocrx_word' id='word_1_225' title='bbox 712 2445 942 2487; x_wconf 90' lang='lat' dir='ltr'><em>correctori</em></span> <span class='ocrx_word' id='word_1_226' title='bbox 988 2445 1194 2488; x_wconf 86' lang='lat' dir='ltr'><em>debeatur</em></span> <span class='ocrx_word' id='word_1_227' title='bbox 1240 2459 1296 2488; x_wconf 84' lang='lat' dir='ltr'><em>an</em></span> <span class='ocrx_word' id='word_1_228' title='bbox 1339 2459 1390 2486; x_wconf 87' lang='lat' dir='ltr'><em>ex</em></span> <span class='ocrx_word' id='word_1_229' title='bbox 1436 2443 1673 2499; x_wconf 84' lang='lat' dir='ltr'><em>archetypo</em></span> <span class='ocrx_word' id='word_1_230' title='bbox 1702 2441 1743 2485; x_wconf 93' lang='lat' dir='ltr'><strong>V</strong></span> 
     </span>
     <span class='ocr_line' id='line_1_32' title="bbox 244 2516 1021 2573; baseline -0.004 -13"><span class='ocrx_word' id='word_1_231' title='bbox 244 2517 429 2560; x_wconf 87' lang='lat' dir='ltr'><em>fluxerit.</em></span> <span class='ocrx_word' id='word_1_232' title='bbox 493 2516 604 2560; x_wconf 82' lang='lat' dir='ltr'><em>Sunt</em></span> <span class='ocrx_word' id='word_1_233' title='bbox 636 2517 725 2560; x_wconf 91' lang='lat' dir='ltr'><em>eius</em></span> <span class='ocrx_word' id='word_1_234' title='bbox 757 2516 924 2573; x_wconf 80' lang='lat' dir='ltr'><em>generis</em></span> <span class='ocrx_word' id='word_1_235' title='bbox 957 2516 1021 2562; x_wconf 82' lang='lat' dir='ltr'><em>hi:</em></span> 
     </span>
    </p>
   </div>
   <div class='ocr_carea' id='block_1_9' title="bbox 366 2590 1347 2707">
    <p class='ocr_par' dir='ltr' id='par_1_10' title="bbox 366 2590 1347 2707">
     <span class='ocr_line' id='line_1_33' title="bbox 366 2590 467 2643; baseline -0.01 -10"><span class='ocrx_word' id='word_1_236' title='bbox 366 2590 467 2643; x_wconf 86' lang='lat'><em>80,6</em></span> 
     </span>
     <span class='ocr_line' id='line_1_34' title="bbox 463 2665 1347 2707; baseline -0.002 0"><span class='ocrx_word' id='word_1_237' title='bbox 463 2665 650 2707; x_wconf 84' lang='lat' dir='ltr'><em>Grandia</em></span> <span class='ocrx_word' id='word_1_238' title='bbox 683 2670 720 2705; x_wconf 87' lang='lat' dir='ltr'><em>te</em></span> <span class='ocrx_word' id='word_1_239' title='bbox 751 2665 873 2705; x_wconf 87' lang='lat' dir='ltr'><em>medii</em></span> <span class='ocrx_word' id='word_1_240' title='bbox 903 2669 1044 2706; x_wconf 83' lang='lat' dir='ltr'><em>tenta</em></span> <span class='ocrx_word' id='word_1_241' title='bbox 1074 2677 1225 2706; x_wconf 85' lang='lat' dir='ltr'><em>vorare</em></span> <span class='ocrx_word' id='word_1_242' title='bbox 1255 2665 1347 2705; x_wconf 80' lang='lat' dir='ltr'><em>viri.</em></span> 
     </span>
    </p>
   </div>
   <div class='ocr_carea' id='block_1_10' title="bbox 373 2733 1280 2860">
    <p class='ocr_par' dir='ltr' id='par_1_11' title="bbox 373 2733 1280 2860">
     <span class='ocr_line' id='line_1_35' title="bbox 534 2733 1280 2779; baseline -0.004 0"><span class='ocrx_word' id='word_1_243' title='bbox 534 2736 570 2779; x_wconf 89' lang='grc' dir='ltr'>Ο</span> <span class='ocrx_word' id='word_1_244' title='bbox 603 2738 691 2779; x_wconf 58' lang='lat' dir='ltr'><em>tnta</em></span> <span class='ocrx_word' id='word_1_245' title='bbox 782 2734 822 2777; x_wconf 92' lang='lat' dir='ltr'>D</span> <span class='ocrx_word' id='word_1_246' title='bbox 855 2742 966 2777; x_wconf 75' lang='lat' dir='ltr'><em>tenta</em></span> <span class='ocrx_word' id='word_1_247' title='bbox 1057 2733 1130 2776; x_wconf 84' lang='lat' dir='ltr'><em>GL</em></span> <span class='ocrx_word' id='word_1_248' title='bbox 1163 2742 1280 2777; x_wconf 78' lang='lat' dir='ltr'><em>tanta</em></span> 
     </span>
     <span class='ocr_line' id='line_1_36' title="bbox 373 2806 502 2860; baseline 0.008 -12"><span class='ocrx_word' id='word_1_249' title='bbox 373 2806 502 2860; x_wconf 85' lang='lat'><em>76,26</em></span> 
     </span>
    </p>
   </div>
  </div>
 </body>
</html>
