1950 3256
993 213 1051 255 33

392 331 459 375 Ex
490 333 624 375 totius
653 332 738 376 loci
762 347 955 375 connexu
976 335 1158 388 apparet
1178 332 1437 375 sententiam
1461 332 1597 374 inesse
1620 331 1772 375 debere

271 405 319 447 in
349 403 431 446 hoe
461 402 588 447 versu
616 404 744 447 hanc:
776 418 823 447 os
853 404 989 446 nihilo
1020 403 1217 447 mundius
1243 405 1309 446 est
1329 418 1458 458 quam
1480 404 1615 456 culus,
1647 405 1769 447 culus

273 475 410 519 nihilo
452 475 710 518 immundior
756 479 822 519 est
867 491 993 531 quam
1038 491 1097 521 os.
1167 475 1312 531 Atque
1356 475 1467 519 hanc
1513 477 1771 519 sententiam

271 546 450 590 Ellisius
492 548 627 590 inesse
671 548 844 603 putavit
889 548 934 590 in
979 548 1141 600 verbiS,
1188 562 1299 604 quae
1343 548 1387 590 in
1427 547 1625 591 editionis
1670 563 1772 592 suae

272 620 398 662 textu
427 620 591 675 posuit:

486 704 581 746 Nilo
611 705 800 746 mundius
833 705 925 755 hoc,
956 705 1033 746 nil
1039 717 1164 758 oque
1193 704 1440 745 immundius
1468 704 1583 747 illud.

272 781 382 827 Vult
418 785 553 843 igitur
582 787 712 830 verba
748 789 992 831 immundius
1023 789 1124 830 illud
1154 785 1364 842 respicere
1394 785 1448 829 ad
1481 789 1626 831 culum.
1686 786 1770 830 Sed

271 870 530 913 quamquam
577 859 739 902 codices
790 873 924 915 genus
970 861 1171 902 neutrum
1221 860 1456 910 testantur,
1510 872 1770 913 quamquam

271 925 467 971 Catullus
498 944 547 972 eo
578 930 638 972 sic
664 931 731 972 uti
758 932 913 986 potuit,
946 934 1093 974 tamen
1114 931 1219 973 haec
1240 930 1454 985 scriptura
1476 943 1561 972 non
1582 930 1770 986 genuina

271 999 450 1043 videtur.
498 1000 610 1044 Nam
641 1017 736 1046 eum
768 1002 814 1045 in
844 1002 1127 1057 pentametro,
1158 1001 1203 1042 in
1224 1015 1308 1056 quo
1328 1001 1449 1044 nulla
1471 1004 1537 1044 est
1557 1001 1769 1044 librorum

270 1070 571 1128 discrepantia,
605 1088 741 1131 genus
773 1074 1055 1117 masculinum
1086 1073 1340 1116 habeamus:

492 1159 636 1201 Verum
667 1161 791 1201 eliam
822 1160 937 1201 culus
966 1159 1156 1200 mundior
1185 1163 1225 1200 et
1254 1159 1411 1209 melior,

269 1238 314 1281 in
344 1239 592 1284 hexametro
631 1257 798 1298 quoque
837 1257 924 1285 non
962 1242 1177 1285 credemus
1216 1243 1388 1296 poetam
1426 1254 1583 1296 genere
1614 1246 1768 1286 neutro

270 1324 393 1354 usum
433 1327 533 1357 esse.
596 1313 785 1366 Accedit,
824 1313 936 1369 quod
972 1313 1192 1366 librarius,
1240 1313 1315 1368 qui
1359 1313 1483 1356 modo
1514 1317 1768 1357 exaraverat

267 1385 456 1427 mundius
485 1387 582 1438 hoc,
621 1386 657 1428 si
695 1386 778 1430 iam
814 1386 1094 1428 masculinum
1124 1387 1369 1427 immundior
1397 1387 1465 1428 ille
1494 1387 1766 1441 sequebatur,

268 1455 384 1500 facili
422 1471 564 1500 errore
602 1457 683 1502 hoc
719 1461 966 1502 convertere
995 1460 1168 1514 poterat
1204 1459 1266 1500 in·
1289 1460 1490 1501 neutrum
1519 1459 1767 1501 immundius

266 1530 380 1572 illud.
443 1529 726 1573 Praeferenda
770 1530 906 1587 igitur
951 1529 1122 1572 videtur
1167 1530 1400 1585 scriptura,
1450 1543 1579 1584 quam
1625 1528 1767 1572 Lach-

267 1615 450 1644 mannus
480 1602 527 1645 in
557 1605 684 1645 textu
712 1601 864 1645 habet:

481 1688 616 1730 Nihilo
646 1688 835 1730 mundius
864 1688 955 1738 hoc,
986 1687 1191 1740 nihiloque
1220 1687 1466 1729 immundior
1495 1688 1575 1730 ille.

266 1768 359 1812 Iam
389 1770 536 1827 igitur,
568 1773 795 1827 postquam
818 1770 869 1813 de
889 1784 1034 1812 versus
1055 1769 1192 1812 forma
1213 1768 1536 1825 disputavimus,
1565 1770 1766 1828 progredi

266 1841 367 1884 licet
396 1841 453 1885 ad
483 1843 540 1894 id,
578 1846 842 1899 quapropter
871 1842 922 1884 de
953 1856 1002 1883 eo
1033 1842 1163 1884 verba
1194 1841 1385 1886 facimus.
1449 1841 1620 1885 Codices
1652 1843 1765 1886 enim

266 1927 343 1967 pro
372 1916 589 1970 nihiloque,
627 1914 738 1969 quod
770 1914 875 1969 quin
906 1929 1054 1957 verum
1085 1913 1142 1955 sit
1174 1927 1296 1955 nemo
1327 1914 1519 1966 dubitat,
1560 1914 1766 1957 exhibent

264 1987 460 2041 nobisque
491 1988 663 2042 praeter
695 1985 853 2036 ODL=;
885 1988 928 2028 in
953 1985 989 2029 Ο
1020 1989 1224 2041 nihiloque
1255 1986 1453 2038 habetur,
1487 1986 1531 2028 in
1554 1985 1593 2027 D
1623 1989 1765 2038 nihilo,

265 2057 311 2100 in
342 2058 378 2100 L
407 2074 434 2101 a
464 2074 594 2101 manu
632 2058 816 2101 secunda
853 2059 900 2101 in
930 2059 1125 2115 margine
1156 2060 1359 2113 nihiloque
1390 2058 1654 2114 adscriptum
1685 2062 1761 2102 est.

266 2128 526 2185 corruptum
571 2133 714 2173 autem
760 2130 868 2174 illud
912 2133 1106 2186 nobisque
1152 2145 1205 2172 ex
1251 2130 1498 2185 compendio
1539 2131 1765 2186 archetypi

265 2202 375 2244 male
420 2202 643 2244 intellecto
685 2205 832 2245 ortum
878 2217 967 2245 esse
1005 2200 1195 2244 videmus
1241 2217 1294 2244 ex
1331 2202 1471 2245 codice
1511 2201 1561 2246 O.
1624 2202 1675 2244 In
1715 2217 1764 2245 eo

264 2322 377 2364 enim
414 2324 616 2377 nihiloque
654 2320 899 2376 compendio
939 2320 998 2362 sie
1035 2275 1132 2377 notq,·
1170 2323 1377 2378 scriptum
1409 2324 1487 2373 est,
1520 2326 1570 2365 ut
1601 2339 1626 2366 a
1656 2327 1764 2380 n5q;

265 2391 495 2450 (nobisque)
528 2394 599 2436 vix
631 2393 837 2449 distingui
868 2394 1015 2447 possit,
1061 2398 1105 2436 et
1128 2409 1301 2450 prorsus
1321 2394 1503 2436 similem
1525 2395 1568 2437 in
1592 2397 1761 2439 modum

264 2464 561 2520 compendium
583 2465 690 2506 illud
711 2465 756 2506 in
778 2464 1013 2520 archetypo
1035 2468 1257 2508 exaratum
1281 2466 1409 2508 fuisse
1426 2468 1667 2520 ponendum
1685 2472 1762 2513 est.

385 2548 530 2604 Atque
561 2548 758 2591 omnibus
789 2547 856 2589 his
890 2549 1005 2601 locis,
1038 2549 1088 2592 de
1110 2551 1265 2605 quibus
1287 2549 1426 2592 adhuc
1447 2550 1491 2591 iu
1515 2549 1593 2592 hac
1613 2551 1760 2607 dispu-

263 2621 442 2664 tationis
472 2621 687 2676 particula
718 2620 896 2678 egimUS,
928 2635 1029 2664 vera
1059 2622 1286 2676 scriptura,
1318 2635 1427 2676 quae
1457 2624 1534 2663 aut
1562 2623 1655 2678 ipsa
1684 2628 1762 2667 aut

263 2693 415 2735 leviter
454 2696 658 2748 corrupta
694 2695 843 2748 postea
881 2693 923 2734 in
963 2692 999 2736 Ο
1039 2697 1212 2748 reperta
1252 2695 1336 2743 est,
1374 2693 1461 2735 iam
1497 2694 1544 2737 in
1575 2695 1761 2739 editione

263 2763 611 2808 Lachmanniana
635 2765 831 2807 habetur.
879 2765 971 2808 Iam
993 2765 1047 2808 ad
1069 2780 1139 2808 eos
1159 2765 1428 2821 pervenimus
1449 2766 1576 2817 locos,
1606 2767 1761 2821 quibus

263 2837 476 2893 scriptura
526 2839 673 2880 textus
718 2835 1057 2881 Lachmanniani
1107 2838 1282 2893 probari
1326 2852 1412 2881 non
1458 2841 1622 2933 po3test3
1672 2842 1760 2881 tres
