1950 3256
997 168 1025 210 3

263 287 335 332 vol
365 289 491 330 othim
529 287 752 338 scribstun
790 287 835 329 in
866 286 903 331 G
935 290 1080 331 autem
1110 286 1250 329 tribus
1280 285 1383 329 loeis
1415 285 1473 342 (v.
1508 286 1545 330 1.
1579 286 1651 330 32.
1684 287 1763 345 27)

263 359 472 406 aab-tel
497 362 630 411 υἱῆες
653 358 793 403 tribus
817 359 874 414 (v.
897 360 969 402 45
994 359 1066 402 42.
1089 358 1164 416 88)
1197 362 1295 402 attis
1326 361 1371 402 ei.
1402 361 1505 401 attin
1536 362 1762 403 exaratum

264 433 350 482 σοὺς
386 424 433 474 in
466 430 502 475 Ο
534 434 688 487 quater
725 430 783 487 (v.
818 432 858 476 1.
889 432 961 476 27.
994 432 1065 476 32.
1097 431 1175 489 45)
1215 433 1319 474 actis
1348 431 1418 474 vel
1449 434 1566 483 αἱῆε,
1603 431 1670 475 bis
1701 430 1760 487 (v.

262 500 336 546 42.
369 501 446 559 88)
479 506 594 545 auin.

385 572 546 617 Similis
584 578 649 617 est
687 574 799 616 ratio
837 574 1017 617 nominis
1055 574 1198 616 Acmes
1235 574 1281 616 in
1312 588 1346 616 c.
1381 573 1452 616 45.
1514 572 1628 616 Nam
1659 587 1756 615 cum

263 645 492 703 quinquies
538 645 619 688 hoe
663 660 817 689 nomen
856 645 1029 689 obvium
1066 645 1145 688 fiat
1190 646 1234 688 in
1281 645 1361 688 hoc
1403 646 1604 696 carmine,
1651 660 1761 688 unus

263 717 383 761 loeus
423 716 480 772 (v.
516 717 589 774 10)
626 717 759 770 infra,
808 718 881 760 ubi
918 717 969 759 de
1008 716 1339 760 correctionibus
1378 716 1478 760 libri
1517 715 1555 759 G
1591 719 1759 773 agetur,

264 788 551 844 respiciendus
583 792 661 840 est
701 789 853 832 ceteris
885 792 1093 846 quattuor
1123 789 1226 831 locis
1255 789 1301 830 in
1334 787 1449 830 D‘et
1480 787 1514 829 L
1545 803 1664 843 aqme
1694 788 1761 831 vel

265 874 411 915 aqmen
442 862 579 911 extat,
611 859 648 902 G
681 863 725 902 et
757 859 793 903 Ο
825 863 892 903 ter
921 859 1075 902 saltem
1098 859 1155 915 (v.
1179 861 1218 903 1.
1243 860 1283 903 2.
1307 859 1382 916 23)
1416 874 1558 902 veram
1578 860 1764 904 nominis

263 930 447 975 formam
486 933 568 974 etsi
604 932 764 974 litteris
802 932 913 974 male
950 932 1164 974 distinctis
1203 931 1408 974 exhibent
1438 947 1491 975 ac
1519 947 1582 975 me
1612 933 1679 976 vel
1712 948 1764 975 ac

265 1018 371 1056 nen,
403 1005 533 1046 semel
565 1007 736 1046 tantum
770 1002 828 1061 (v.
860 1004 938 1060 21)
971 1007 1019 1046 ut
1049 1003 1114 1046 illi
1148 1019 1304 1058 aymen.

384 1076 627 1132 Aliquoties
662 1074 941 1118 Lachmanno
979 1077 1092 1118 bona
1122 1076 1356 1131 scriptura,
1396 1090 1506 1131 quae
1537 1079 1687 1131 postea
1716 1077 1762 1119 in

265 1146 303 1191 G
333 1147 510 1190 inventa
548 1151 632 1199 est,
672 1163 724 1191 ex
760 1147 901 1190 codice
938 1148 1229 1191 Laurentiano
1260 1147 1367 1203 (La2
1399 1148 1511 1203 apud
1542 1147 1762 1204 Ellisium)

262 1218 334 1263 vel
363 1234 416 1262 ex
447 1217 640 1263 Parisino
671 1220 825 1276 (7989)
858 1222 962 1263 nota
993 1223 1107 1262 erat:

385 1290 487 1343 25‚7

480 1365 781 1419 Sudariumque
813 1366 1082 1406 Saetabum
1113 1366 1471 1420 cataqraphosque
1503 1365 1663 1420 Thynos

476 1438 693 1478 sathahum
724 1435 840 1479 DLO
870 1438 1121 1479 sethabum
1152 1435 1237 1479 La²
1274 1439 1514 1479 saetkabum
1544 1435 1582 1478 G

387 1506 521 1559 39,12
1373 1560 1406 1566 ‘v

479 1581 560 1621 Aut
589 1581 877 1622 Lanuvinus
908 1585 999 1621 ater·
1030 1585 1152 1634 alque
1183 1581 1375 1624 dentatus

479 1653 725 1695 lanuinus
755 1651 831 1693 DL
862 1653 1132 1694 lamivinns
1163 1651 1333 1697 La'GO

385 1722 490 1774 522

482 1796 592 1837 Sella
622 1798 664 1838 in
696 1798 827 1838 curuli
857 1803 1015 1838 struma
1047 1796 1089 1836 N
1093 1797 1237 1838 onius
1266 1797 1378 1838 sedet

478 1871 654 1911 nevius
686 1867 724 1910 D
755 1882 910 1911 novus
940 1866 975 1908 L
1006 1870 1191 1910 novius
1222 1866 1392 1911 La⁸GO

385 1939 549 1991 61‚104
581 1940 706 1997 (100)

480 2014 515 2054 Α
547 2015 627 2054 tuis
658 2014 807 2055 teneris
838 2013 974 2054 volet

478 2087 613 2127 nolet
645 2083 684 2125 D
716 2086 870 2126 nollet
902 2082 937 2124 L
968 2085 1101 2126 volet
1132 2082 1311 2126 La⁹Par
1333 2083 1409 2127 GO

386 2155 517 2207 63‚33

485 2229 611 2270 Veluti
639 2230 850 2270 iuvenca
881 2230 1016 2269 vitans
1046 2242 1147 2270 onus
1176 2230 1374 2271 indomita
1404 2231 1489 2283 iuyi

478 2303 678 2343 iuventa
710 2299 787 2342 DL
818 2302 1035 2342 iuvenca
1065 2298 1238 2342 La'GO

386 2371 457 2423 63,
463 2372 519 2414 73

476 2446 568 2486 Iam
598 2447 683 2486 iam
714 2446 819 2486 dolet
850 2445 959 2499 quod
989 2446 1066 2498 σφ’,
1096 2447 1180 2486 iam
1210 2447 1410 2500 iamque
1438 2449 1622 2500 paenitet

476 2518 572 2558 iam
606 2516 643 2557 D
675 2519 771 2558 iam
802 2517 932 2571 quod
962 2514 996 2556 L
1027 2519 1226 2572 iamque
1257 2516 1342 2559 La’
1354 2515 1430 2560 GO

389 2589 456 2639 11,
460 2588 488 2630 3

478 2660 591 2701 Litus
621 2666 670 2701 ul
701 2662 817 2714 Ionye
847 2667 1064 2703 resonante
1098 2662 1194 2704 an

476 2733 559 2774 ubi
590 2730 667 2773 DL
698 2739 747 2773 ut
778 2731 863 2774 Par
882 2731 959 2774 GO

382 2802 577 2858 Apparet
609 2804 722 2847 hunc
752 2819 885 2846 unum
916 2805 1056 2848 locum
1090 2806 1226 2847 multo
1257 2819 1346 2848 esse
1367 2804 1607 2861 graviorem
1627 2818 1757 2859 quam

1506 2863 1549 2899 1*
