1950 3256
993 221 1048 264 15

390 337 493 390 44‚8
526 341 697 382 vertitur
727 355 839 382 mens
870 341 914 382 al
941 346 1083 382 ver-lm·

393 408 523 484 {3430
555 405 821 476 verfsareneur

391 528 553 581 64,303
584 500 790 583 aixerunt

391 601 523 652 66,45
556 608 678 656 atque
710 603 753 642 al
783 615 954 657 cumque

389 673 517 723 68‚91
553 675 689 727 frater
720 675 765 715 al
787 675 916 728 frah-i

390 745 551 795 68‚119
584 760 658 787 nec
689 759 818 787 causa
850 747 894 787 al
922 760 1051 800 neque
1082 751 1167 788 lam

390 817 494 869 922
525 831 619 859 amo
651 819 695 859 al
725 823 838 859 amat

389 888 490 940 97‚1
525 890 719 944 quicquid
749 890 795 930 al
822 890 1041 943 quicquam

388 961 491 1012 98,4
524 963 768 1015 can-patiam
800 962 843 1002 al
873 963 1116 1015 car-patinas

396 1032 526 1086 1002
557 1040 836 1075 treronensum
870 1034 913 1074 al
945 1046 1211 1076 veronensium

393 1105 523 1156 100,6
555 1112 613 1147 est
644 1107 770 1159 ἱρέων
800 1105 844 1145 al
873 1106 1055 1159 exiyitur

395 1177 524 1228 103,3
556 1179 667 1219 nunni
699 1179 742 1218 al
771 1178 882 1218 mimi

266 1247 360 1293 Iam
427 1249 462 1291 si
526 1247 834 1290 Baehrensium
895 1247 1131 1303 sequimur,
1198 1263 1354 1304 ponere
1415 1249 1616 1292 debemus
1690 1249 1768 1293 has

267 1320 607 1377 quattuordecim
639 1320 827 1374 duplices
858 1320 1094 1375 scripturas
1129 1335 1214 1363 non
1254 1336 1307 1363 ex
1342 1319 1379 1363 G
1417 1321 1662 1376 descriptas,
1695 1321 1767 1364 sed

266 1407 293 1436 a.
322 1393 462 1436 sci-iba
493 1392 593 1435 libri
617 1392 650 1433 B
684 1392 805 1434 fictas
836 1406 939 1435 esse.
986 1390 1067 1435 Sed
1094 1392 1174 1436 hoc
1195 1407 1249 1435 nc
1270 1393 1451 1448 speciem
1472 1393 1641 1447 quidem
1668 1407 1768 1448 pro-

266 1464 507 1507 habilitatis
538 1463 691 1517 habet,
730 1479 831 1506 nam
862 1463 1002 1519 siquid
1032 1468 1218 1514 certum,
1258 1465 1337 1508 hoc
1375 1465 1662 1508 certissimum
1702 1469 1767 1507 est

266 1536 611 1592 quattuordecim
643 1535 720 1578 has
753 1536 987 1591 scripturas
1019 1536 1204 1579 eiusdem
1226 1551 1315 1579 esse
1345 1536 1512 1593 generis
1534 1539 1665 1591 atque
1686 1552 1768 1579 un-

265 1608 476 1664 deviginti
506 1608 616 1659 illas,
653 1623 760 1663 quas
791 1622 920 1662 snpra
952 1608 1293 1651 memoravimus.
1355 1607 1582 1651 Praeterea
1613 1623 1766 1664 quam-

264 1693 393 1734 quam
427 1679 478 1722 de
510 1680 726 1722 nonnullis
747 1694 893 1722 earum
916 1680 1103 1722 dubitari
1123 1683 1281 1735 potest,
1314 1686 1460 1722 utrum
1482 1680 1527 1722 in
1550 1681 1766 1723 communi

266 1750 501 1806 archetypo
546 1751 686 1794 codice
717 1751 758 1793 V
796 1750 1024 1793 extiterint
1069 1766 1221 1803 necne,
1269 1754 1417 1795 tamen
1461 1753 1513 1796 de
1552 1752 1648 1794 aliis
1687 1751 1767 1795 hoc

264 1822 395 1878 plane
425 1825 591 1865 certum
623 1821 814 1864 videtur:

385 1894 487 1945 30‚9
518 1896 612 1936 inde
643 1896 687 1935 al
715 1896 822 1936 idem
854 1893 890 1936 Β
920 1896 1015 1937 inde
1046 1893 1162 1937 DLG
1194 1897 1300 1938 idem
1332 1893 1369 1937 Ο

386 1966 549 2018 68,119
579 1981 655 2009 nec
701 1980 831 2009 causa
878 1969 922 2009 al
965 1981 1094 2022 neque
1131 1974 1215 2010 tam
1254 1966 1290 2008 B
1337 1981 1412 2009 nec
1450 1973 1535 2010 tam
1574 1967 1653 2012 DO
1691 1971 1766 2012 nec

583 2077 712 2105 causa
733 2061 772 2104 G
802 2033 917 2105 ηὲἴη
908 2028 1037 2130 (5:351
1069 2062 1103 2104 L

387 2134 519 2187 100‚2
551 2141 831 2178 treronensum
881 2122 944 2177 al·
966 2122 1240 2193 ’beronensum
1288 2134 1323 2175 B
1373 2149 1639 2178 veronensum
1684 2134 1764 2178 DG

549 2213 827 2250 treronensum
849 2205 885 2250 Ο
916 2210 1206 2250 cremnensium
1230 2221 1338 2250 corr.
1360 2207 1404 2248 in
1426 2209 1705 2249 veronensium
1728 2207 1764 2249 L

265 2276 415 2334 Neque
462 2278 608 2330 66,45,
656 2279 727 2321 ubi
773 2280 820 2322 in
867 2278 946 2322 DO
994 2294 1177 2334 cumque,
1224 2279 1268 2320 in
1316 2277 1387 2319 LG
1436 2285 1557 2333 atque
1587 2278 1762 2334 legit-ur,

264 2351 478 2407 duplicem
514 2352 775 2407 scripturam
812 2358 935 2407 alque
974 2354 1018 2394 al
1054 2365 1222 2406 cumque
1252 2365 1361 2406 quae
1399 2351 1441 2392 in
1476 2349 1510 2392 B
1542 2354 1607 2392 est
1638 2350 1764 2393 facile

265 2422 419 2478 negari
448 2426 590 2477 potest
621 2423 666 2466 in
688 2422 728 2464 V
751 2424 957 2476 extitisse,
989 2438 1083 2466 cum
1117 2422 1223 2465 illud
1258 2437 1426 2477 cumque
1446 2423 1497 2465 de
1519 2422 1764 2465 coniectura

262 2493 309 2535 in
348 2492 385 2535 B
430 2494 602 2537 illatum
649 2509 737 2538 esse
783 2487 984 2538 credibile
1031 2510 1113 2537 non
1152 2496 1223 2538 sit.
1299 2494 1456 2544 Quodsi
1495 2496 1657 2536 certum
1697 2495 1763 2536 est

263 2579 409 2607 omnes
438 2565 517 2608 has
548 2567 736 2622 duplices
767 2567 1001 2623 scripturas
1033 2582 1086 2609 ex
1116 2566 1260 2609 eodem
1293 2565 1410 2609 fonte
1440 2567 1486 2608 in
1518 2564 1703 2608 codicem
1726 2563 1762 2605 B

262 2637 517 2691 pervenisse,
549 2638 776 2681 nonnullas
808 2642 951 2681 autem
983 2653 1129 2681 earum
1161 2638 1204 2680 in
1236 2637 1275 2680 G
1306 2653 1387 2680 non
1420 2637 1582 2688 haberi,
1615 2637 1684 2679 sed
1718 2636 1761 2677 iu

264 2707 306 2751 V
337 2708 479 2761 fuisse,
511 2710 696 2752 codicem
718 2709 755 2751 B
787 2725 872 2753 non
905 2726 957 2753 ex
979 2709 1029 2762 G,
1063 2710 1134 2752 sed
1167 2725 1218 2752 ex
1239 2710 1280 2752 V
1311 2709 1483 2752 fluxisse
1504 2722 1761 2763 consequens

263 2779 335 2831 fit,
368 2779 407 2822 G
437 2781 573 2838 igitur
610 2784 726 2825 certe
766 2797 848 2824 nou
881 2784 1069 2824 omnium
1101 2785 1337 2824 ceterorum
1370 2782 1576 2824 librorum
1611 2779 1759 2822 arche-

265 2853 401 2906 typon
434 2867 536 2896 esse.
