1950 3256
962 196 1019 239 49

362 318 462 370 65‚1

348 440 364 443 ⁴
455 391 546 432 Em·
570 404 638 431 me
670 389 837 431 assiduo
868 387 1117 440 confectum
1149 399 1252 428 cura
1287 387 1440 428 dolore.
1499 405 1503 407 ’

365 462 614 516 Confectum,
630 460 743 516 quod
757 458 1023 502 Lachmanni
1040 458 1140 501 libri
1156 460 1198 502 et
1215 457 1253 500 G
1270 457 1488 511 exhibent,
1502 470 1675 512 prorsus
1692 470 1745 499 ex

243 550 322 579 usu
367 532 571 577 sermonis
609 532 753 575 Latini
790 532 872 575 hoc
910 532 1002 574 loco
1040 531 1139 585 poni
1179 545 1263 573 non
1296 532 1360 574 est
1396 528 1508 585 quod
1539 528 1744 584 exemplis

242 607 460 664 probetur.
532 604 569 648 O
615 604 794 660 praebet
839 605 1061 658 defectum,
1109 603 1220 658 quod
1267 599 1550 645 Baehrensius
1596 614 1745 642 verum

241 679 383 734 putat.
444 675 526 719 Sed
558 678 743 731 defectus
775 677 916 731 aliqua
947 690 994 716 re
1026 677 1092 718 est
1120 675 1176 725 is,
1215 671 1288 728 qui
1321 670 1484 726 aliquid
1517 671 1743 722 desiderat,

242 749 312 792 cui
351 748 515 804 aliquid
545 748 676 791 deest.
739 746 801 789 Ea
833 750 976 790 autem
1016 761 1111 790 cum
1148 744 1340 794 notione,
1383 757 1511 798 quam
1542 743 1623 786 hoc
1652 743 1746 785 loco

243 820 380 864 inesse
435 821 625 876 oportet,
685 822 735 861 nt
793 819 849 861 sit
900 819 1010 861 idem
1058 820 1188 873 atque
1234 817 1468 858 debilitatus
1513 829 1646 870 usque
1691 813 1746 858 ad

244 893 433 935 aetatem
474 890 742 948 Augusteam
789 905 995 946 nusquam
1044 891 1179 933 extat.
1258 886 1376 930 Mero
1422 887 1558 943 igitur
1604 900 1746 928 errore

246 965 447 1018 defectum
478 977 557 1020 pro
588 963 773 1020 genuino
795 964 1021 1017 confectum
1052 963 1277 1004 exaratum
1298 959 1467 1002 videtur
1488 957 1747 1014 permutatis

244 1034 504 1091 compendiis
536 1034 800 1091 syllabarum
832 1049 908 1078 con
940 1037 985 1077 et
1016 1037 1082 1088 de.

369 1106 535 1159 64‚1'14

459 1180 662 1222 Indomita
691 1193 767 1221 nec
796 1180 891 1221 dira
924 1179 1062 1232 ferens
1092 1178 1297 1231 stipendia
1327 1182 1448 1218 tauro

460 1252 647 1304 Perfidus
677 1253 719 1294 in
754 1251 936 1293 Cretam
966 1251 1178 1304 reliyasset
1208 1251 1350 1291 navita
1380 1249 1532 1302 funem.

365 1321 482 1366 Haec
502 1321 803 1366 Lachmannus
834 1322 880 1364 in
901 1323 1024 1363 textu
1046 1321 1189 1376 posuit
1210 1322 1377 1382 secutus
1398 1319 1582 1362 codicem
1604 1317 1652 1369 L,
1674 1317 1749 1372 qui

243 1395 424 1452 praebet
449 1397 491 1437 in
516 1395 698 1449 Cretam3
722 1393 760 1436 D
782 1394 956 1437 exhibet
976 1396 1019 1435 in
1042 1393 1179 1435 Creta.
1226 1391 1261 1433 E
1283 1394 1520 1435 ceterorum
1541 1390 1749 1432 librorum

245 1481 421 1510 numero
465 1480 575 1510 unus
614 1465 651 1509 O
696 1480 792 1508 cum
830 1465 870 1508 D
909 1465 1032 1513 facit,
1071 1464 1223 1520 reliqui
1263 1478 1358 1507 cum
1391 1463 1426 1505 L
1462 1461 1748 1506 consentiunt.

244 1537 469 1582 Editorum
507 1537 701 1594 plerique
739 1540 782 1580 in
826 1539 989 1580 Cretam
1027 1537 1308 1592 scripserunt,
1349 1534 1566 1578 novissimi
1604 1534 1750 1575 autem

244 1609 530 1654 Baehreusius
562 1612 606 1652 et
637 1609 812 1653 Ellisius
844 1609 998 1653 codicis
1029 1608 1066 1651 O
1097 1607 1343 1651 testimonio
1373 1605 1522 1650 confisi
1550 1608 1592 1648 in
1628 1605 1751 1647 Creta

244 1682 483 1727 ediderunt.
544 1682 604 1725 Et
640 1695 742 1725 sane
780 1684 964 1738 utraque
1002 1681 1215 1737 scriptura
1246 1694 1367 1722 suam
1397 1678 1531 1721 habet
1562 1676 1751 1733 explica-

244 1755 420 1798 tionem.
480 1753 673 1798 Verbum
710 1753 923 1811 religandi
960 1756 1062 1796 noto
1098 1768 1179 1796 usu
1215 1752 1279 1795 ita
1316 1751 1518 1807 ponitur,
1558 1752 1608 1792 ut
1638 1748 1751 1791 idem

244 1825 303 1868 sit
347 1825 461 1882 quod
506 1825 708 1883 alliga-re;
759 1825 805 1867 in
851 1825 980 1869 Creta
1026 1825 1172 1868 funem
1209 1823 1395 1880 religare
1432 1825 1498 1865 est
1535 1821 1671 1878 igitur
1706 1821 1751 1862 in

246 1897 375 1942 Creta
420 1912 572 1941 navem
619 1897 673 1941 ad
725 1900 888 1941 terram
939 1898 1140 1955 alligare,
1193 1896 1247 1940 ad
1298 1893 1471 1937 Cretam
1521 1893 1750 1950 appellere.

243 1968 360 2014 Raro
397 1970 584 2027 religare
621 1971 840 2014 notionem
871 1970 1110 2013 resolvendi
1147 1969 1294 2020 habet,
1330 1966 1404 2011 sed
1433 1966 1524 2023 ipse
1555 1964 1753 2009 Catullus

245 2057 295 2085 eo
325 2041 389 2086 ita
414 2042 555 2084 utitur
586 2041 747 2092 63‚84:

459 2115 527 2156 Ait
556 2115 659 2156 haec
689 2116 833 2156 minax
867 2115 1026 2170 Cybebe
1056 2115 1285 2168 reliquique
1314 2113 1415 2166 iuga
1446 2125 1585 2156 manu.

247 2184 305 2228 Et
335 2184 520 2241 religare
558 2185 705 2227 funem
741 2187 784 2226 in
818 2183 979 2227 Cretam
1016 2187 1188 2241 poterat
1219 2183 1407 2226 Theseus
1446 2182 1543 2234 dici,
1575 2197 1671 2226 cum
1706 2183 1751 2227 in

246 2273 296 2302 eo
326 2260 450 2310 esset,
481 2259 531 2300 ut
564 2256 748 2299 Athenis
780 2257 824 2299 iu
857 2255 1031 2299 Cretam
1062 2256 1416 2312 proficisceretur.
1467 2254 1614 2310 Atque
1645 2255 1751 2299 haec

248 2329 532 2381 constructio,
572 2343 833 2384 quamquam
864 2331 1048 2384 utraque
1079 2329 1291 2384 scriptura
1328 2330 1444 2370 recte
1481 2327 1564 2370 dici
1594 2330 1752 2384 potest,

246 2404 298 2444 ut
346 2400 492 2456 paullo
543 2400 792 2443 inusitatior
842 2403 927 2452 est,
979 2402 1042 2443 ita
1089 2401 1311 2456 aliquanto
1362 2399 1567 2442 maiorem
1619 2400 1753 2443 habet

246 2472 427 2528 speciem
459 2471 666 2514 veritatis.
730 2471 955 2516 Praeterea
987 2473 1215 2523 sententia,
1255 2485 1364 2526 quae
1394 2471 1506 2514 inest
1537 2471 1581 2513 in
1613 2472 1751 2516 altera

247 2545 460 2599 scriptura
489 2545 532 2585 in
566 2543 703 2595 Creta,
744 2543 823 2587 boc
854 2544 945 2586 loco
977 2559 1060 2587 non
1092 2544 1197 2587 satis
1229 2546 1334 2598 apta
1364 2546 1443 2594 est,
1476 2557 1572 2586 cum
1604 2543 1752 2587 eadem

248 2615 344 2658 aliis
374 2615 513 2658 verbis
541 2629 738 2670 expressa
759 2616 845 2658 iam
867 2616 911 2658 in
933 2617 1122 2659 versibus
1142 2615 1495 2673 praecedentibus
1517 2615 1751 2658 habeatur:

462 2689 648 2742 Iuppiter
678 2691 943 2743 omnipotens,
974 2692 1131 2732 utinam
1162 2703 1213 2730 ne
1243 2695 1423 2743 tempore
1453 2691 1587 2742 primo

464 2762 617 2802 Gnosia
652 2760 875 2815 Cecropiae
905 2762 1125 2814 tetiyissent
1157 2762 1297 2802 littora
1327 2774 1500 2815 puppes.

249 2830 389 2880 Quare
427 2834 468 2873 in
510 2832 673 2873 Cretam
711 2831 930 2874 Catullum
968 2832 1183 2887 scripsisse
1222 2846 1452 2881 censemnS‚
1493 2832 1751 2886 scripturam

1487 2892 1511 2925 4
