1950 3256
957 250 1013 292 47

451 373 564 428 Duce
594 373 732 414 viator
762 403 772 412 .
807 404 816 412 .
850 403 860 412 .
895 371 1017 412 basso
1047 371 1090 411 in
1120 370 1271 411 sudore
1304 370 1521 411 leuamus.

235 443 407 487 Dicitur
436 431 571 500 igitur
601 442 676 485 ille
707 441 894 485 effecisse
925 441 1118 484 dativum
1149 443 1314 491 viatori,
1346 439 1420 495 qui
1449 453 1533 481 non
1553 440 1737 495 pendere

233 518 377 573 posset
407 514 488 557 nisi
520 529 571 556 ex
601 514 874 557 substantivo
905 516 1101 563 levamen,
1119 515 1163 554 et
1184 515 1329 555 tamen
1352 513 1468 554 certo
1490 511 1739 554 testimonio

235 588 407 630 constat
453 588 633 628 levamen
684 600 780 628 eum
831 585 1005 628 omnino
1056 598 1141 627 nou
1187 583 1340 639 legisse
1390 584 1436 625 in
1488 583 1598 626 libro
1649 598 1738 627 suo.

235 657 376 708 Quare
407 657 717 700 insimulationi
748 657 868 699 nulla
899 671 1072 712 prorsus
1103 655 1207 698 fides
1238 655 1388 696 haberi
1418 658 1560 710 potest
1582 659 1626 698 et
1648 671 1740 709 nos,

236 730 311 785 qui
342 730 490 772 iudicis
521 744 693 772 munere
725 729 959 786 fungimur,
998 742 1117 770 reum
1149 727 1423 771 absolvimus.
1473 753 1532 759 —
1583 726 1741 771 Errore

237 801 374 858 igitur
420 800 662 843 differentia
699 801 775 843 illa
813 804 910 843 orta
950 814 1038 843 esse
1075 799 1201 842 debet
1237 798 1351 841 inter
1385 801 1538 842 viatori
1567 804 1612 842 et
1642 803 1739 843 via-

239 880 374 915 torum
403 887 542 928 neque
572 873 711 916 adhuc
742 872 848 914 satis
878 874 1059 924 constat,
1098 873 1244 913 utrum
1275 870 1486 914 scribendi
1516 886 1661 915 errore
1691 887 1743 916 ex

242 945 380 988 altero
411 949 554 987 ortum
585 946 656 988 sit.
720 945 864 1000 Atque
894 945 1035 998 ipsum
1055 942 1163 984 illud
1191 944 1303 985 salso
1323 943 1436 998 quod
1459 942 1743 987 Baehrensius

242 1017 513 1060 commendat
559 1031 711 1072 parum
763 1017 905 1072 placet
951 1029 1088 1070 neque
1134 1029 1183 1057 eo
1214 1014 1428 1066 firmatur,
1466 1015 1579 1071 quod
1617 1016 1745 1059 sudor

242 1087 347 1132 alibi
378 1088 514 1131 salsus
546 1089 804 1144 appellatur.
864 1086 1154 1143 Expectamus
1184 1086 1298 1128 enim
1331 1087 1600 1140 adiectivum‚
1632 1088 1746 1144 quod

243 1160 299 1203 ad
330 1174 420 1202 rem
452 1161 504 1202 de
534 1174 621 1215 qua
658 1160 804 1216 agitur
834 1159 978 1214 aliquo
1009 1158 1132 1201 modo
1163 1158 1378 1213 pertineat
1408 1159 1496 1201 sive
1527 1159 1581 1202 ad
1610 1163 1748 1204 viator

244 1231 334 1274 sive
379 1231 432 1274 ad
485 1234 637 1274 sudore
682 1231 914 1280 adiectum;
961 1233 1096 1273 salsus
1142 1233 1286 1273 autem
1333 1231 1507 1274 omnino
1554 1232 1747 1290 languet.

246 1302 352 1347 Tale
382 1303 638 1346 adiectivum
670 1308 735 1346 est
766 1305 919 1352 lassu-53
965 1304 1095 1356 atque
1126 1301 1169 1343 id
1200 1304 1423 1357 praeterea
1454 1317 1503 1346 eo
1533 1318 1749 1347 commen-

245 1376 388 1427 datur,
420 1375 532 1431 quod
554 1376 728 1431 propius
750 1390 878 1431 quam
906 1373 1013 1416 illud
1033 1376 1168 1416 salsus
1188 1373 1241 1416 ad
1263 1373 1519 1430 scripturam
1542 1376 1747 1419 traditam

247 1447 423 1498 accedit.
490 1449 639 1490 Lassus
671 1450 815 1490 autem
846 1461 941 1490 cum
974 1460 1058 1488 non
1086 1461 1180 1488 cum
1205 1446 1357 1488 sudore
1379 1447 1579 1504 coniungi
1600 1448 1749 1503 possit,

248 1519 484 1562 necessario
514 1519 783 1562 scribendum
814 1521 880 1561 est
910 1521 1072 1561 viatori.

370 1591 504 1643 66‚50

466 1665 519 1705 Et
550 1666 620 1718 qm·
649 1664 853 1718 pm'ncipio
884 1662 959 1703 sub
991 1667 1107 1703 terra
1138 1676 1337 1716 quaerere
1366 1675 1495 1704 venas

536 1737 687 1777 Institit
717 1749 770 1776 ac
799 1736 919 1788 ferri
948 1735 1186 1788 strinyere
1216 1735 1429 1776 duritiem!

374 1805 411 1849 O
441 1806 619 1849 exhibet
648 1809 775 1861 ferris
804 1808 971 1860 finyeoe,
1003 1804 1040 1847 G
1072 1808 1116 1848 et
1137 1805 1172 1847 L
1202 1808 1327 1861 ferris
1357 1807 1555 1860 frinyere,
1588 1803 1628 1846 D
1648 1806 1755 1859 ferri

252 1879 462 1934 frangere.
535 1877 762 1921 Sententia
809 1878 915 1920 haec
960 1877 1130 1920 videtur
1167 1892 1276 1920 esse:
1323 1881 1474 1934 pereat
1513 1876 1756 1932 quicunque

253 1951 419 2007 primus
454 1949 559 1992 ferri
596 1964 727 1992 venas
765 1950 808 1992 in
848 1953 966 1992 terra
1002 1951 1238 2004 quaerebat
1268 1953 1314 1992 et
1343 1949 1504 1992 ferrum
1537 1951 1756 2004 repertum

255 2022 446 2066 cudendo
477 2021 540 2064 ita
571 2022 872 2077 praeparabat,
904 2025 954 2063 ut
986 2021 1178 2064 homines
1211 2036 1259 2064 eo
1289 2021 1354 2063 uti
1386 2024 1572 2076 possent.
1619 2020 1758 2064 Lach-

257 2108 440 2137 mannus
486 2094 644 2148 aliique
691 2096 735 2135 et
781 2096 883 2136 ante
928 2108 1022 2136 eum
1072 2095 1118 2135 et
1153 2096 1251 2148 post
1286 2108 1383 2136 eum
1420 2095 1524 2147 ferri
1560 2095 1759 2147 franyere

258 2168 447 2208 duritiem
485 2179 633 2207 verum
673 2167 938 2219 putaverunt
968 2167 1098 2219 atque
1130 2165 1171 2206 id
1204 2165 1269 2208 ita
1299 2165 1451 2221 opinor
1480 2164 1759 2220 interpretati

259 2241 380 2289 sunt,
426 2240 477 2280 ut
516 2239 713 2291 franqere
751 2239 939 2280 duritiem
976 2239 1082 2291 ferri
1118 2240 1230 2279 esset
1266 2237 1466 2294 frangere
1496 2237 1564 2279 vel
1593 2237 1762 2279 vincere

259 2309 542 2360 obstaculum,
574 2309 686 2364 quod
708 2309 752 2351 in
774 2309 932 2351 duritie
952 2309 1057 2351 ferri
1078 2309 1252 2352 cudenti
1272 2309 1431 2352 obstat.
1479 2307 1561 2352 Sed
1581 2309 1762 2352 interest

261 2381 444 2436 aliquid,
485 2383 649 2433 utrum=
669 2381 848 2424 durities
887 2381 1031 2437 frangi
1069 2381 1238 2423 dicatur
1268 2397 1324 2424 an
1354 2381 1623 2424 obstaculum
1654 2380 1762 2423 illud

262 2453 376 2508 quod
421 2453 468 2495 in
513 2452 670 2495 duritie
717 2453 850 2502 inest;
902 2452 1080 2495 durities
1126 2452 1238 2495 enim
1277 2452 1381 2495 ferri
1418 2468 1504 2496 nou
1544 2453 1764 2510 frangitur

263 2524 472 2575 cudendo,
511 2524 583 2567 sed
621 2528 817 2567 remanet
852 2523 921 2566 vel
959 2523 1063 2566 adeo
1100 2528 1300 2581 augetur.
1361 2525 1514 2581 Itaque
1546 2540 1630 2568 non
1663 2527 1765 2580 apte

265 2596 373 2639 illud
403 2596 602 2652 frangere
632 2596 714 2640 dici
747 2597 927 2640 videtur.
990 2594 1362 2651 Simplicissimum
1393 2598 1524 2640 videri
1547 2597 1683 2653 possit
1713 2611 1765 2638 ex

265 2668 418 2710 codicis
477 2667 513 2710 Ο
571 2669 785 2723 scriptura
846 2670 973 2722 ferris
1021 2670 1175 2723 fingere
1225 2669 1394 2712 efficere
1444 2670 1550 2723 ferri
1598 2669 1764 2722 fiuyere.

266 2740 412 2795 Atque
434 2739 718 2783 Baehrensius
751 2740 909 2794 aliique
931 2739 1150 2782 Catullum
1180 2741 1240 2783 sic
1260 2741 1476 2796 scripsisse
1497 2740 1768 2782 arbitrantur

269 2815 314 2853 et
351 2812 533 2854 fortasse
571 2812 651 2854 hoc
682 2811 809 2854 alicui
849 2812 1045 2854 videatur
1076 2812 1207 2855 etiam
1245 2826 1294 2854 eo
1325 2811 1624 2862 commendari,
1655 2810 1768 2866 quod

268 2883 354 2926 iam
387 2883 563 2926 Vossius
601 2884 708 2926 idem
750 2883 944 2926 coniecit.
1007 2883 1143 2933 Quam
1186 2887 1330 2926 tamen
1374 2884 1630 2938 scripturam
1664 2897 1769 2937 quo-
