1950 3256
954 173 980 214 6

429 296 659 345 Prodest,
692 296 812 335 inuno
845 295 965 335 etiam
999 293 1132 333 taedet
1165 293 1356 346 obestque
1388 293 1519 346 nzayis

213 366 302 410 vel:

1237 436 1337 476 nihil
1365 436 1512 489 fecisse
1547 435 1716 489 benique

430 511 646 560 Ιαυενὶἰ,
680 511 799 550 immo
833 510 952 549 etiam
986 513 1010 547 t.
1044 521 1079 549 0.
1113 521 1163 548 m.

214 582 294 625 Sed
331 582 416 624 tale
449 581 622 623 verbum
659 580 830 622 finitum
864 594 914 620 ex
948 593 1023 620 usu
1056 577 1260 620 sermonis
1283 576 1427 620 Latini
1459 592 1543 620 non
1576 578 1718 633 requi-

215 655 338 696 ritur.
394 651 503 695 Nam
539 653 573 694 51
605 653 776 694 verbum
809 650 1123 693 substantivum
1146 650 1288 692 animo
1310 650 1519 692 audiveris
1541 652 1642 692 nihil
1660 656 1719 692 est

215 729 362 782 fecisse
396 727 578 778 benique,
611 724 785 779 plenum
811 723 1081 764 enuntiat-um
1106 721 1272 766 evadet.
1325 721 1387 763 De
1414 735 1536 763 sensu
1559 727 1717 772 autem,

214 799 288 854 qui
321 798 432 839 inest
464 798 508 838 in
542 796 621 837 hoc
652 798 751 837 nihil
782 802 854 845 est,
888 797 986 849 apte
1020 793 1250 836 contuleris
1274 792 1418 835 Plauti
1442 808 1622 845 versum,
1645 794 1720 848 qui

216 874 279 912 est
312 869 354 910 in
389 868 511 924 Capt.
547 867 633 909 344
667 867 729 922 (ΙΙ
761 865 900 923 2‚94>:

433 942 482 981 At
516 942 615 982 nihil
646 947 702 981 est
735 942 913 994 {quotum
949 940 1004 980 ad
1028 939 1136 979 illum
1160 939 1336 978 mittere:
1369 951 1536 990 operam
1562 939 1720 989 luseris,

217 1015 335 1057 cuius
368 1027 512 1055 versus
543 1013 675 1054 verba
708 1016 901 1053 extrema
933 1010 1040 1052 illud
1074 1011 1173 1051 nihil
1203 1016 1260 1051 est
1282 1008 1465 1063 perbene
1487 1006 1720 1064 explicant.

218 1085 371 1141 Itaque
419 1099 514 1127 cum
562 1085 735 1126 verbum
786 1083 870 1125 illis
924 1082 1021 1125 addi
1068 1081 1347 1123 necessarium
1397 1095 1479 1122 non
1527 1081 1722 1124 videatur

218 1172 397 1213 cumque
443 1171 528 1199 non
579 1160 646 1198 sat
693 1155 973 1211 probabiliter
1019 1154 1101 1196 dici
1141 1152 1294 1209 possit,
1343 1168 1426 1208 quo
1463 1167 1604 1196 errore
1644 1155 1722 1196 aut

216 1233 388 1284 prodest
421 1232 496 1271 aut
527 1232 673 1271 iuverit
705 1227 922 1278 exciderit,
955 1227 1082 1268 missa
1116 1226 1318 1268 iaciemus
1352 1226 1455 1268 haec
1482 1225 1720 1268 conamina.

219 1300 467 1344 Ceterarum
517 1306 661 1344 autem
711 1299 1058 1341 emendationum
1107 1312 1128 1339 e
1174 1311 1352 1341 numero
1397 1297 1595 1350 Avantii,
1649 1298 1722 1353 qui

219 1372 394 1415 verbum
429 1376 563 1416 taedet
594 1374 658 1416 bis
690 1371 854 1428 posuit:

433 1448 561 1489 Immo
594 1449 712 1488 etiam
747 1446 896 1495 taedet,
929 1445 1099 1485 taedet
1131 1443 1321 1496 obestque
1353 1445 1484 1496 mayis

219 1518 378 1574 duplici
412 1520 577 1561 ratione
609 1516 845 1574 probabilis
878 1519 959 1567 est,
1002 1515 1112 1570 quod
1146 1514 1266 1570 origo
1296 1514 1412 1556 illius
1444 1513 1632 1557 defectus
1665 1515 1724 1557 510

219 1592 263 1634 in
294 1591 526 1647 propatulo
567 1593 631 1633 est
671 1593 714 1631 et
754 1591 888 1631 taedet
927 1602 1012 1630 non
1045 1588 1134 1629 sine
1167 1586 1404 1629 sententiae
1437 1583 1724 1629 emolumento

220 1664 284 1707 bis
316 1663 506 1720 ponitur.

343 1736 469 1787 76,11
507 1735 611 1777 haec
642 1732 944 1776 Lachmannus
978 1731 1130 1775 edidit:

438 1809 565 1859 Quin
603 1813 652 1848 tu
693 1809 856 1848 animo
897 1806 1139 1859 affirmas
1186 1806 1365 1858 itaque
1410 1805 1529 1845 istinc
1575 1808 1726 1857 teque

1295 1877 1472 1926 reducis,

508 1953 564 1993 Et
597 1953 683 1993 deis
714 1952 850 1992 invitis
883 1951 1032 1992 desinis
1064 1964 1149 1991 esse
1181 1950 1334 1990 miser?

341 2021 458 2065 Duas
504 2022 658 2077 prioris
705 2037 851 2064 versus
898 2025 1042 2077 partes
1095 2020 1397 2063 Lachmannus
1450 2033 1538 2061 esse
1589 2019 1727 2062 voluit

222 2095 382 2151 duplici
414 2094 626 2150 particula
658 2109 734 2150 que
756 2095 1024 2137 coniunctas:
1058 2096 1154 2148 quin
1177 2100 1218 2135 tu
1241 2100 1277 2135 et
1300 2095 1435 2134 {mimo
1457 2094 1517 2133 ita
1540 2091 1727 2146 affirmas

223 2175 260 2210 et
300 2175 337 2210 le
373 2170 492 2211 istinc
531 2169 722 2209 reducis?
781 2165 862 2208 Sed
901 2180 1161 2221 quamquam
1201 2164 1457 2220 particulam
1499 2154 1575 2219 <jue
1615 2164 1727 2219 apud

223 2243 372 2295 poetas
410 2254 535 2294 saepe
575 2254 660 2281 non
699 2239 862 2294 primae
901 2238 1115 2280 enuntiati
1155 2237 1329 2280 voculae
1370 2236 1539 2279 adnecti
1577 2238 1727 2278 notum

224 2317 302 2363 est,
341 2314 485 2354 tamen
525 2311 604 2354 1100
642 2312 733 2354 1000
774 2315 1015 2366 postremae
1053 2310 1144 2352 voci
1185 2309 1315 2352 affixa
1353 2308 1502 2350 dubito
1535 2324 1590 2350 an
1623 2307 1728 2349 ferri

223 2384 369 2439 possit.
434 2382 530 2425 Non
570 2383 830 2433 dubitarem,
873 2382 907 2422 si
945 2383 1121 2424 verbum
1163 2381 1350 2436 affirmas
1389 2385 1651 2436 postremum
1683 2379 1727 2420 in

225 2454 450 2497 enuntiato
489 2456 627 2496 locum
668 2457 835 2496 teneret
873 2455 994 2509 eique
1034 2454 1246 2509 particula
1284 2469 1360 2508 que
1400 2454 1565 2496 adnexa
1597 2453 1728 2502 esset3

224 2527 266 2568 in
306 2527 435 2569 verbo
474 2526 583 2568 enim
625 2526 757 2568 totius
797 2525 1012 2568 enuntiati
1052 2525 1172 2580 quasi
1212 2526 1274 2567 vis
1314 2525 1560 2568 continetur
1607 2523 1728 2578 eique

224 2612 475 2653 quocunqne
517 2599 607 2640 1000
646 2598 821 2653 ponitur
861 2601 960 2652 apte
999 2598 1212 2652 particula
1252 2613 1327 2652 que
1375 2597 1498 2651 affigi
1545 2595 1725 2647 videtur,

225 2684 307 2712 non
349 2671 413 2713 ita
451 2670 625 2713 voculae
664 2671 761 2725 post
802 2670 974 2725 verbum
1016 2670 1260 2713 collocatae.
1334 2668 1415 2712 Sed
1462 2667 1578 2711 aliud
1626 2667 1728 2723 quid

226 2743 336 2785 inest
377 2742 419 2785 in
461 2743 694 2794 sententia,
735 2757 819 2798 quo
857 2742 951 2797 quis
991 2757 1065 2784 suo
1104 2743 1194 2784 iure
1234 2741 1388 2783 offendi
1428 2741 1574 2796 possit.
1636 2739 1728 2789 Quo

224 2814 334 2857 enim
369 2814 576 2869 respicere
609 2814 797 2856 dieamus
830 2814 935 2856 illud
968 2815 1054 2855 im?
1092 2813 1201 2864 Quid
1224 2813 1418 2855 Catullus
1451 2826 1493 2854 50
1526 2812 1728 2854 hortatur
