1950 3256
1003 228 1061 271 59

285 349 424 392 monis
454 347 599 391 Latini
640 362 937 404 agnoscamus,
979 363 1108 403 qnam
1143 347 1199 389 ab
1230 345 1537 401 interpolatore
1566 349 1782 402 repertam

287 429 401 466 w
407 414 609 463 credibile
641 409 726 462 lion
757 423 835 462 est.
898 420 1092 475 Denique
1128 418 1239 474 quod
1276 434 1303 460 a
1334 416 1558 461 Schwabio
1589 418 1782 461 animad-

287 505 455 534 versum
494 506 579 534 non
618 494 706 543 est,
744 493 960 535 sententia
991 491 1187 534 versiculi
1217 504 1390 546 prorsus
1420 488 1664 532 Catulliana
1695 491 1781 540 est3

285 561 486 606 similiter
530 563 644 606 enim
687 566 816 620 poeta
863 563 916 606 ad
952 562 1218 606 Verannium
1261 563 1445 605 amicum
1483 576 1535 604 ex
1573 561 1782 617 Hispania

286 647 505 677 reversum
536 635 686 678 scribit
717 635 854 690 9,6.7:

507 708 641 750 Visam
672 715 711 749 te
739 710 978 750 incolumem
1009 709 1257 762 audiamque
1287 707 1479 748 Hiberum

501 781 750 822 Narrantem
780 781 887 831 loca,
918 781 1051 834 facta,
1082 781 1279 821 nationes.

286 850 431 906 Atque
468 854 615 894 nostro
653 852 745 894 loco
776 852 1034 894 sententiam
1064 850 1246 894 similem
1278 850 1468 906 quidem,
1507 848 1578 891 sed
1608 863 1781 905 prorsus

286 922 415 965 aliter
448 923 716 966 enuntiatam
747 924 965 974 habemns,
995 926 1046 965 ut
1076 937 1128 964 ne
1158 922 1201 965 id
1222 921 1392 978 quidem
1412 921 1619 977 suspicari
1638 922 1779 972 liceat,

285 994 640 1050 interpolatorem
670 996 879 1050 quendam
909 995 1101 1037 versibus
1131 994 1217 1037 illis
1248 994 1302 1036 ad
1324 992 1590 1036 Verannium
1611 991 1782 1047 scriptis

284 1081 409 1111 usum
438 1080 540 1110 esse.
604 1065 838 1110 offensioni
870 1070 1012 1110 autem
1042 1067 1088 1109 in
1119 1066 1199 1109 hoc
1229 1080 1375 1109 versu:

498 1139 699 1194 Alloquar
730 1141 901 1181 audiero
931 1152 1151 1194 nuniquam
1186 1145 1259 1180 tua
1289 1141 1406 1193 facta
1436 1139 1661 1192 loquentem

281 1210 410 1254 debet
446 1224 536 1252 esse
572 1213 817 1253 contortum
852 1225 987 1268 genus
1024 1210 1209 1262 dicendi;
1246 1226 1347 1254 nam
1388 1224 1523 1265 neque
1560 1221 1781 1263 numquam

283 1283 385 1337 apte
422 1281 477 1324 ad
517 1284 749 1338 utrumque
787 1284 966 1325 verbum
1001 1284 1047 1324 et
1085 1285 1276 1338 alloquar
1312 1284 1357 1325 et
1393 1283 1564 1324 audiero
1594 1279 1781 1323 refertur

282 1367 419 1408 neque
432 1355 658 1409 loquentem
673 1355 887 1398 obiectum
902 1369 993 1397 esse
1008 1357 1150 1410 potest
1165 1355 1285 1397 verbi
1293 1357 1498 1410 alloquar,
1514 1352 1626 1408 quod
1634 1354 1780 1395 tamen

282 1439 359 1468 suo
375 1426 542 1469 obiecto
561 1428 692 1469 earet.
723 1424 868 1480 Atque
888 1426 968 1469 hoc
982 1426 1267 1470 Baehrensius
1290 1426 1532 1483 significare
1548 1424 1716 1468 videtur
1736 1438 1779 1479 p.

282 1496 487 1548 XXVIII,
504 1498 579 1541 ubi
594 1497 725 1540 verba
741 1497 817 1540 illa
832 1512 917 1542 non
926 1499 1032 1541 bene
1039 1499 1229 1556 copulari
1240 1494 1492 1549 ἀσυνδὲτως
1500 1500 1658 1540 monet.
1674 1495 1780 1539 Inde

283 1570 427 1613 autem
435 1570 728 1625 sequitur‚non
737 1568 849 1624 quod
859 1571 932 1612 ille
943 1572 1049 1623 vult,
1059 1586 1229 1613 versum
1237 1571 1291 1613 ab
1298 1570 1607 1626 interpolatore
1614 1567 1781 1624 profec-

281 1644 376 1684 tum
392 1656 481 1684 esse
499 1666 557 1672 —
573 1656 676 1684 nam
692 1655 745 1684 ne
760 1640 797 1682 is
813 1642 982 1696 quidem
999 1643 1147 1698 opinor
1164 1647 1255 1691 tam
1270 1645 1464 1686 contorte
1476 1640 1714 1697 scripsisset
1724 1666 1778 1673 ——

283 1713 355 1758 sed
391 1716 493 1756 ante
531 1728 702 1756 versum
738 1713 863 1755 illum
899 1729 1030 1756 unum
1070 1715 1223 1757 saltem
1261 1714 1472 1759 distichon
1502 1711 1779 1757 intercidisse.

282 1786 428 1842 Atque
459 1785 761 1828 Lachmannus
801 1785 887 1828 tria
927 1786 1108 1829 inseruit
1145 1802 1198 1830 ex
1228 1787 1481 1839 68,20—24
1512 1789 1558 1828 et
1587 1785 1779 1838 92—96‚

282 1860 333 1901 ut
377 1860 514 1900 staret
557 1857 814 1914 paginarum
860 1858 937 1900 illa
983 1873 1112 1913 quam
1149 1859 1340 1902 institnit
1376 1858 1653 1914 computatio.
1715 1858 1780 1900 De

284 1945 370 1986 qua
399 1929 594 1985 pluribus
624 1929 695 1972 hic
726 1929 931 1972 disserere
963 1931 1172 1982 nolumus,
1205 1931 1326 1974 nobis
1347 1930 1390 1972 id
1411 1931 1586 1972 tantum
1607 1931 1780 1987 respici-

283 2003 438 2045 endum
470 2002 660 2054 videtur,
699 2002 909 2057 quomodo
940 2004 1212 2046 enuntiatum
1242 2002 1350 2046 illud
1380 2002 1628 2058 expleverit,
1660 2003 1779 2046 cuius

281 2089 416 2117 unum
453 2074 631 2116 verbum
670 2072 839 2116 finitum
878 2077 1068 2130 alloquar
1105 2079 1323 2119 servatum
1359 2077 1437 2117 est.
1499 2074 1619 2125 Quod
1650 2090 1779 2130 quam

280 2147 383 2201 apte
427 2147 558 2201 atque
603 2147 780 2187 venuste
831 2146 905 2188 ille
956 2148 1106 2190 fecerit
1119 2180 1130 2199 ‚
1175 2150 1226 2189 ut
1272 2150 1491 2203 appareat,
1540 2146 1779 2191 adscribam

282 2217 432 2260 verba:

564 2291 797 2344 Numquam
828 2306 902 2345 eqo
934 2298 987 2343 te,
1018 2293 1167 2334 misero
1197 2293 1333 2345 frater
1363 2292 1552 2347 adempte
1582 2295 1694 2350 milii,

495 2363 708 2416 Alloquar‚
741 2364 912 2405 audiero
942 2377 1163 2418 numquam
1193 2369 1266 2406 tua
1296 2366 1416 2418 sacta
1445 2367 1685 2420 loquentem,

567 2435 796 2489 Numquam
828 2449 902 2489 eqo
933 2441 986 2486 ie,
1017 2437 1103 2477 vita
1133 2437 1270 2489 frater
1300 2439 1531 2489 amabilior,

492 2506 702 2560 Aspiciam
731 2509 918 2560 posthac.

281 2577 321 2619 A
360 2575 530 2620 Catullo
568 2577 703 2633 igitur
741 2592 907 2621 versum
952 2579 1073 2621 illum
1113 2578 1350 2635 profectum
1389 2595 1478 2624 esse
1514 2581 1776 2634 obtinemus;

282 2649 394 2704 quod
434 2648 469 2690 si
508 2651 624 2692 recte
662 2649 860 2703 facimus,
907 2653 1090 2708 apparet
1129 2650 1170 2693 D
1209 2667 1293 2695 non
1331 2667 1384 2696 ex
1422 2652 1460 2695 G
1498 2654 1569 2696 sed
1600 2655 1776 2711 propria

279 2722 447 2764 ratione
502 2736 555 2764 ex
593 2721 634 2764 V
679 2722 862 2767 fluxisse.
938 2723 1053 2767 Illud
1097 2739 1230 2767 unum
1277 2725 1445 2768 videtur
1491 2726 1775 2782 explicatione

282 2806 420 2850 egere,
453 2794 662 2849 quomodo
699 2795 862 2838 factum
893 2796 970 2848 sit,
1007 2798 1059 2838 ut
1089 2797 1135 2840 in
1165 2798 1267 2840 solis
1297 2797 1364 2840 his
1394 2798 1517 2842 libris
1548 2798 1775 2842 DP¹aAcd

285 2862 432 2909 Ambr.
450 2864 503 2908 D.
523 2866 580 2907 24
590 2865 683 2909 Vic.
702 2865 818 2910 Ricc.
843 2867 912 2910 hie
934 2882 1078 2910 versus
1099 2871 1233 2920 extet,
1266 2885 1291 2912 a
1314 2870 1487 2925 reliquis
1509 2871 1635 2915 absit.
1681 2870 1772 2920 Qua
