1950 3256
942 155 997 197 52

212 276 416 320 removeri
458 275 616 332 possit:
657 274 691 316 is
723 274 858 332 igitur
894 273 938 317 in
972 289 1010 319 v,
1049 275 1176 327 1002
1209 274 1382 318 exhibet
1414 274 1523 318 idem
1558 273 1709 317 vitium

212 351 342 405 atque
364 347 419 391 O:
452 350 797 398 trev-anensium,
821 361 915 389 cum
938 347 983 389 in
1006 345 1043 389 G
1067 348 1181 389 recte
1213 361 1480 391 veronensum
1502 346 1708 402 scriptum

213 421 282 463 sit,
330 420 411 470 Qui
443 420 574 462 mirus
606 419 720 462 inter
744 417 780 460 Ο
813 420 857 460 et
879 417 913 460 L
945 433 1173 462 consensus
1207 419 1411 474 explicari
1443 434 1525 462 non
1558 421 1714 475 potest,

212 493 247 535 si
279 492 313 535 L
346 507 395 534 ex
428 490 466 534 G
497 491 667 534 fluxisse
709 491 934 546 ponimus;
974 488 1214 546 ponendum
1248 493 1312 532 est
1345 493 1637 534 treronensium
1672 489 1717 532 in

213 563 253 605 V
285 564 478 606 extitisse
510 566 639 618 atque
673 563 771 606 inde
806 565 898 604 tum
932 563 973 604 in
1008 561 1043 604 Ο
1077 566 1170 604 tum
1199 552 1243 605 'in
1268 562 1302 604 L
1333 563 1587 618 pervenisse.
1637 560 1718 604 Sed

213 637 263 678 de
286 635 338 687 D,
369 635 441 691 qui
465 636 573 678 liber
597 651 620 678 a
645 634 920 677 Lachmanno
944 636 1081 678 multo
1103 635 1237 690 pluris
1259 649 1386 690 quam
1410 634 1442 677 L
1466 635 1718 677 aestimatus

213 711 291 760 est,
328 724 352 751 a
386 707 614 751 novissimo
646 707 808 750 editore
831 706 1092 749 Baehrensio
1115 707 1302 750 omnium
1326 706 1488 750 Catulli
1510 706 1718 748 librorum

213 780 419 836 pessimus
451 779 724 835 perhibetur,
765 793 919 834 operae
950 779 1140 834 pretium
1172 780 1255 822 erit
1287 779 1527 823 accuratius
1559 776 1720 832 disqui-

214 866 320 894 rere.
384 851 442 894 Et
481 866 764 907 quamquam,
807 852 855 893 ut
896 851 949 893 ab
989 852 1184 895 omnibus
1216 866 1459 895 concessum
1492 851 1571 901 est,
1604 848 1662 891 sic
1694 863 1720 891 a

214 924 333 967 nobis
373 937 540 979 quoque
581 923 828 966 conceditur
867 923 920 966 ab
959 923 1364 978 interpolationibus
1404 937 1498 966 eum
1536 921 1719 963 liberum

213 1011 297 1039 non
330 1010 432 1048 esse,
466 998 611 1038 tamen
643 1009 781 1050 neque
814 1011 838 1038 a
871 995 1011 1038 codice
1044 996 1284 1038 accuratius
1305 993 1607 1052 perlustrando
1639 992 1720 1034 hac

213 1082 258 1110 re
299 1067 507 1110 deterreri
546 1067 766 1119 debemus,
805 1082 901 1110 cum
940 1081 992 1109 ne
1031 1069 1192 1110 ceteros
1231 1068 1402 1123 quidem
1439 1066 1571 1108 libros
1604 1064 1720 1107 omni

213 1139 489 1183 librariorum
522 1151 651 1193 opera
682 1139 891 1181 immunes
923 1139 1222 1191 invenerimus,
1265 1164 1319 1170 —
1357 1141 1401 1181 et
1432 1138 1477 1198 iu
1509 1136 1559 1189 Ο,
1593 1150 1720 1192 quem

213 1211 422 1267 optimum
454 1210 640 1253 codicem
671 1210 869 1253 nonnulli
901 1210 1165 1266 praedicant,
1198 1226 1270 1254 sex
1303 1209 1553 1254 offendimus
1586 1210 1722 1251 inter-

213 1284 472 1340 polationes,
520 1282 674 1338 quibus
714 1282 979 1326 Lachmanni
1019 1283 1119 1325 libri
1157 1285 1313 1326 vacant
1352 1307 1407 1314 —-
1449 1296 1585 1338 neque
1617 1281 1719 1323 hinc

213 1357 300 1400 iam
347 1356 534 1399 efficitur
579 1369 752 1410 prorsus
791 1355 951 1398 nullius
990 1370 1087 1398 eum
1127 1369 1215 1397 esse
1247 1354 1394 1410 pretii3
1427 1357 1571 1410 potest
1603 1354 1719 1395 enim

215 1429 281 1470 vel
319 1427 378 1470 sic
420 1427 533 1480 fieri,
575 1428 625 1468 ut
665 1428 776 1471 bona
809 1429 852 1470 et
883 1428 1072 1484 genuina
1102 1427 1326 1483 praebeat,
1369 1441 1478 1482 quae
1511 1441 1536 1469 a.
1568 1425 1721 1469 ceteris

214 1500 426 1543 codicibus
458 1498 615 1542 absint.
1682 1495 1684 1497 ’

337 1569 479 1626 Atque
523 1570 635 1626 quod
676 1570 714 1612 D
747 1585 769 1613 e
801 1572 941 1614 codice
980 1570 1018 1614 Gr
1056 1571 1281 1614 deductum
1321 1586 1410 1614 esse
1451 1570 1644 1622 credunt,
1678 1569 1722 1612 id

216 1657 316 1686 sane
355 1657 439 1685 non
471 1644 620 1698 quovis
660 1643 752 1686 loco
789 1642 1026 1695 refutatur,
1060 1638 1149 1698 'quo
1181 1642 1224 1684 in
1258 1640 1296 1683 D
1328 1657 1475 1685 verum
1508 1645 1642 1695 extat,
1675 1642 1721 1684 in

217 1713 255 1757 G
294 1728 391 1756 non.
455 1713 566 1756 Nam
607 1714 816 1770 siquidem
855 1715 1055 1758 librarius
1094 1716 1170 1757 aut
1209 1714 1361 1756 codicis
1395 1713 1433 1756 D
1471 1714 1604 1770 ipsius
1645 1716 1722 1757 aut

217 1786 307 1828 eius
350 1785 574 1841 archetypi
611 1786 654 1827 in
693 1789 818 1829 textu
856 1786 1118 1829 emendando
1149 1800 1324 1841 operam
1356 1787 1595 1840 collocavit,
1627 1786 1722 1830 fieri

217 1860 380 1913 potest,
420 1860 470 1900 ut
508 1858 725 1901 interdum
763 1856 801 1899 ei
838 1857 1089 1914 contigerit,
1132 1862 1181 1900 ut
1220 1859 1271 1901 de
1308 1873 1383 1900 suo
1415 1873 1562 1902 verum
1595 1859 1722 1901 resti-

217 1932 373 1974 tueret.
451 1928 533 1972 Sed
578 1932 808 1974 occurrunt
854 1929 955 1982 loci,
1004 1930 1157 1985 quibus
1205 1930 1401 1973 videatur
1439 1929 1722 1972 demonstrari

217 2015 338 2057 posse
370 2015 455 2044 non
487 2016 778 2057 quaecumque
809 2002 921 2045 bona
952 2003 996 2044 in
1019 2002 1058 2044 D
1081 2003 1299 2059 leguntur,
1331 2017 1425 2046 cum
1459 2017 1484 2044 a
1506 2000 1544 2042 Gr
1565 2000 1722 2052 absint,

219 2089 243 2116 a
291 2075 528 2116 correctore
575 2075 779 2117 restituta
826 2089 927 2119 esse.
1003 2074 1191 2125 Quorum
1229 2075 1418 2117 locorum
1456 2073 1618 2129 primus
1658 2075 1723 2115 est

220 2144 365 2200 66,45‚
400 2160 482 2201 quo
516 2145 713 2189 Catullus
744 2146 850 2190 haec
882 2147 1051 2189 videtur
1084 2147 1318 2202 scripsisse:

435 2219 534 2260 Cum
568 2220 676 2261 Medi
705 2234 903 2274 peperere
933 2234 1081 2262 novum
1113 2234 1227 2262 mare
1265 2233 1468 2275 cumque
1499 2221 1684 2261 iuventus

507 2292 588 2333 Per
618 2293 792 2333 medinm
825 2294 948 2334 classi
979 2292 1166 2334 barbara
1196 2294 1310 2334 navit
1342 2293 1485 2334 Athon.

220 2362 271 2404 In
295 2361 334 2403 D
368 2364 482 2404 recte
514 2362 674 2418 legitur
693 2379 875 2419 cumque,
909 2363 952 2406 in
976 2362 1014 2406 G
1047 2370 1182 2418 atque,
1215 2364 1278 2407 ita
1300 2365 1350 2406 ut
1371 2364 1420 2415 is,
1443 2361 1515 2417 qui
1538 2361 1723 2403 codicem

221 2433 260 2475 D
294 2449 346 2476 ex
377 2433 414 2475 G
452 2434 691 2477 derivatum
732 2451 821 2478 esse
852 2437 996 2491 putat,
1041 2449 1199 2491 ponere
1235 2433 1389 2476 debeat
1421 2433 1583 2476 Datani
1614 2432 1722 2474 illud

221 2522 390 2562 cumque
437 2521 462 2548 a
501 2510 737 2551 correctore
787 2509 1034 2550 restitutum
1074 2522 1175 2551 esse.
1245 2505 1337 2548 Iam
1377 2519 1507 2560 supra
1546 2503 1606 2560 (p.
1650 2505 1722 2561 15)

223 2579 471 2634 negavimus
504 2578 584 2621 hoc
622 2578 714 2621 fieri
746 2580 954 2635 potuisse,
998 2594 1112 2622 nunc
1143 2579 1373 2629 videamus,
1405 2592 1534 2632 quam
1565 2577 1723 2632 proba-

222 2653 369 2695 biliter
401 2653 480 2694 hoc
513 2665 537 2691 a
569 2651 785 2694 nonnullis
817 2653 1049 2695 statuatur.
1104 2649 1327 2692 Gorrector
1358 2649 1431 2690 ille
1463 2649 1523 2690 nil
1556 2647 1724 2690 efficere

223 2724 389 2766 studuit
421 2727 501 2768 nisi
534 2721 640 2764 illud
674 2725 723 2764 ut
755 2724 945 2774 hiatum,
987 2723 1058 2779 qui
1099 2726 1163 2764 est
1195 2724 1292 2777 post
1324 2735 1464 2763 vocem
1499 2735 1625 2771 tiuare,
1659 2735 1724 2761 re-

225 2798 431 2843 moveretz
478 2796 662 2853 priorem
711 2799 853 2837 autem
902 2799 1068 2850 partem
1117 2808 1261 2836 versus
1302 2793 1381 2834 ille
1428 2793 1599 2834 omnino
1638 2807 1723 2834 non
