1950 3256
947 187 999 229 14

344 306 470 357 14‚15
503 309 637 361 opimo
670 308 713 348 al
743 308 894 360 optimo

338 378 440 431 25‚3
474 392 727 421 arancoroso
761 380 803 420 al
834 392 1037 420 araneoso

340 451 464 503 28‚11
504 466 653 506 parum
686 453 728 492 al
756 452 854 505 pari

338 523 440 575 33‚4
473 525 680 565 voratiore
713 524 757 564 al
785 524 1012 564 volentior-e

340 596 465 647 3421
492 598 573 637 scis
594 609 830 650 quecunque
852 596 922 635 tibi
942 596 1079 648 placet
1102 595 1144 636 al
1163 597 1219 637 sis
1241 609 1479 650 quocunque
1496 597 1567 638 tibi
1583 597 1718 650 placet

338 667 442 719 4‹›,8
475 682 621 722 poema
655 669 698 709 al
726 681 835 721 pena
868 665 905 708 G
936 681 1044 721 pena
1078 669 1120 708 al
1147 681 1296 722 poema
1329 665 1365 707 B

339 741 440 792 42‚3
474 743 605 782 locum
639 741 681 780 al
710 741 842 780 iocum
901 743 907 748 '

342 813 476 863 5‹›,13
510 826 665 854 omnem
699 812 741 852 al
772 825 897 852 essem

342 885 470 936 6237
505 886 613 938 quod
645 890 779 924 tamen
813 884 855 923 al
883 882 981 936 quid
1002 879 1039 922 G
1071 882 1181 936 quod
1212 888 1347 924 tamen
1380 883 1422 923 al
1453 883 1550 936 quid
1581 888 1664 923 tum
1690 880 1724 923 B

342 958 442 1008 643
477 958 713 998 Fascidicos
747 957 789 996 al
821 955 1020 996 Phasidos

342 1029 501 1080 64‚178
536 1030 760 1069 Idoneosne
793 1029 835 1068 al
865 1028 1082 1069 Idmoneos

345 1102 507 1153 64‚283
542 1102 693 1142 curulis
726 1101 769 1141 al
800 1101 962 1141 corollis

344 1209 506 1260 64‚285
537 1173 676 1263 pegigi·
709 1206 744 1249 G
774 1178 916 1261 penie‘}
950 1206 983 1247 Β

344 1283 505 1333 64,324
538 1288 664 1323 tutum
697 1295 799 1334 opu-s
833 1281 875 1320 al
905 1286 947 1320 lu
980 1286 1114 1322 tamen
1146 1281 1235 1333 opis
1258 1276 1294 1319 G
1327 1284 1453 1319 tutum
1486 1280 1598 1332 (opis
1621 1278 1725 1335 om.)

544 1355 586 1394 αἱ
616 1360 796 1395 tutamen
829 1351 864 1394 B

345 1426 474 1478 66‚35
508 1427 580 1468 sed
613 1428 655 1466 al
685 1427 720 1467 si

345 1499 476 1551 66‚54
509 1500 670 1540 asineos
703 1499 745 1539 al
776 1499 961 1538 arsinoes
994 1493 1028 1537 G
1063 1497 1246 1537 arsinoes
1279 1496 1322 1536 al
1352 1496 1506 1536 asinios
1535 1492 1572 1535 B

345 1594 507 1637 Ceteris
553 1594 656 1636 locis
703 1608 881 1636 numero
929 1591 1153 1648 sexaginta
1199 1591 1358 1641 tribus,
1405 1589 1559 1645 quibus
1607 1588 1650 1630 in
1691 1587 1729 1631 G

225 1667 412 1725 duplices
452 1666 689 1721 scripturae
728 1667 847 1717 suut,
891 1665 998 1707 liber
1037 1664 1072 1706 B
1111 1664 1363 1719 plerumque
1400 1662 1730 1704 alteramutram

226 1740 482 1796 scripburam
515 1739 708 1790 exhibeb‚
752 1738 874 1781 modo
907 1752 1019 1790 eam,
1061 1750 1169 1791 quae
1201 1735 1246 1777 in
1277 1735 1369 1790 ipso
1400 1736 1528 1776 textu·
1556 1732 1658 1775 libri
1693 1731 1730 1774 G

227 1817 403 1855 exarata
443 1813 526 1863 est,
569 1811 692 1854 modo
731 1825 844 1862 eam,
886 1824 995 1865 quae
1035 1809 1148 1851 inter
1184 1821 1328 1850 versus
1361 1806 1426 1848 vel
1458 1806 1502 1847 in
1536 1805 1729 1860 margine

227 1885 317 1927 eius
349 1887 489 1935 extat3
529 1884 676 1939 paucis
717 1885 888 1925 tantum
921 1882 1023 1925 locis
1056 1883 1255 1924 neubram
1287 1878 1478 1936 praebet,
1511 1877 1583 1920 sed
1615 1876 1731 1919 aliud

226 1957 348 2012 quid,
390 1956 500 2011 quod
539 1969 680 1996 errore
719 1958 861 1997 ortum
900 1954 1081 1997 videtur.
1146 1951 1205 1994 Et
1247 1952 1312 1994 his
1345 1950 1515 2006 quidem
1546 1964 1632 1992 non
1664 1963 1732 1990 re-

227 2029 392 2070 fellilzur
428 2027 470 2070 id
503 2027 614 2082 quod
651 2027 930 2070 Baehrensius
971 2027 1100 2082 putab
1132 2023 1168 2066 G
1202 2024 1467 2078 archetypon
1498 2036 1587 2063 esse
1619 2024 1732 2064 cete·
1816 2040 1819 2041 ⁷

228 2115 373 2143 rorum
395 2100 624 2150 libror-urm
647 2099 740 2141 fieri
758 2100 871 2141 enim
894 2100 1050 2154 possest‚
1073 2100 1122 2139 ut
1139 2097 1278 2139 scriba
1295 2095 1393 2137 libri
1411 2094 1448 2136 B
1464 2092 1732 2149 undeviginti

230 2173 327 2214 illas
375 2172 563 2227 duplices
602 2172 836 2227 sci-ipssuras
869 2170 1065 2227 religiose
1108 2167 1396 2224 descripserit,
1437 2166 1589 2209 ceteris
1628 2165 1732 2208 locis

231 2245 426 2301 neglecta
460 2245 598 2286 alhera
632 2245 843 2300 scriptura
875 2258 969 2285 eam
997 2245 1182 2292 tautum,
1216 2254 1324 2296 quae
1352 2239 1433 2282 sibi
1455 2239 1594 2281 verior
1616 2238 1732 2280 vide—

230 2322 371 2367 retur,
412 2317 665 2358 exaraverit,
737 2314 828 2357 Iam
869 2317 1011 2357 aurem
1055 2314 1164 2357 illud
1202 2310 1624 2356 animadvertendum
1668 2311 1733 2352 esf.

231 2392 378 2430 extare
419 2388 462 2430 iu
501 2389 640 2431 codice
674 2388 708 2430 B
746 2391 920 2443 praeter
953 2386 1221 2442 undeviginti
1253 2385 1350 2427 illas
1382 2383 1569 2438 duplices
1601 2381 1734 2436 scrip-

231 2463 351 2502 turas
374 2460 502 2502 etiam
526 2460 631 2503 alias
648 2475 823 2502 numero
841 2459 1196 2515 quattuordecim,
1220 2471 1401 2513 quarum
1418 2470 1490 2497 sex
1505 2456 1735 2497 occurrunt

231 2533 275 2574 in
316 2532 457 2587 priore
504 2533 739 2574 carminum
780 2531 1121 2574 Catullianorum
1160 2532 1285 2586 parte
1326 2542 1457 2583 usque
1496 2527 1549 2570 ad
1588 2525 1732 2577 66‚57‚

232 2607 398 2647 ceterae
430 2605 472 2647 in
507 2604 812 2659 posterioribus
844 2603 1117 2654 carminibus,
1158 2602 1202 2644 in
1234 2601 1389 2656 quibus
1421 2598 1458 2642 G
1490 2599 1630 2641 nullas
1661 2612 1734 2640 ex·

234 2676 354 2719 hibet
387 2676 575 2731 duplices
609 2677 859 2731 scripturas:

356 2760 456 2811 30‚9
489 2762 582 2802 inde
615 2762 658 2802 al
687 2762 791 2801 idem

353 2833 485 2884 39:20
518 2835 722 2887 expolilor
756 2834 798 2873 al
828 2834 1047 2886 expolitior
