1950 3256
890 141 947 183 42

166 259 405 313 complures
445 258 620 303 Tacitei.
685 259 733 300 In
774 258 985 302 Ciceronis
1023 261 1205 315 epistola
1244 262 1298 304 ad
1337 261 1531 306 Atticum
1573 263 1675 306 data

165 327 228 370 IX
249 329 346 379 13,2
370 329 577 374 traditur:
611 345 858 385 quamquam
881 333 958 373 hae
981 334 1075 373 mihi
1097 334 1256 375 litterae
1279 336 1514 377 Dolabellae
1536 337 1672 377 iubent

167 402 223 442 acl
252 404 453 455 pristinas
495 405 762 456 coyilaliones
793 405 961 455 reverti,
1002 404 1071 446 sed
1112 404 1294 447 editores
1327 407 1600 450 consentiunt
1631 408 1676 449 in

167 473 326 516 edendo
359 475 599 516 accusativo
632 490 705 516 me.
767 473 806 517 A
828 473 977 517 Tacito
1010 475 1183 519 iubendi
1214 480 1390 521 verbum
1412 493 1508 521 cum
1530 479 1676 522 dativo

167 545 368 601 coniungi
401 545 515 588 inter
545 561 690 588 omnes
722 549 904 589 constat.
952 546 1104 590 Libere
1135 548 1269 605 igitur
1301 551 1590 605 profitendum
1612 554 1677 594 est

168 620 340 672 praeter
372 632 502 659 unum
534 618 658 660 illum
693 618 831 661 locum
865 618 1211 671 Ciceronianum,
1247 622 1320 676 qui
1352 637 1377 664 a
1411 622 1511 664 viris
1542 623 1678 666 doctis

167 691 394 743 corruptus
434 689 638 742 habetur,
679 691 786 733 nihil
827 706 928 742 esse,
972 706 1023 733 ex
1053 706 1138 747 quo
1169 693 1345 735 verbum
1377 694 1550 737 iubendi
1581 710 1677 737 cum

168 758 313 801 dativo
352 761 626 805 coniunctum
667 762 828 806 Catulli
869 763 1133 817 temporibus
1172 764 1215 805 in
1255 779 1334 807 usu
1373 765 1501 807 fuisse
1533 767 1679 823 colligi

168 830 318 885 possit.
378 831 488 874 Eum
533 849 652 877 usum
710 838 855 878 autem
897 850 981 878 non
1025 835 1198 878 omnino
1239 836 1470 880 abhorrere
1511 838 1566 880 ab
1612 838 1680 880 in-

169 902 296 960 genio
330 903 501 960 linguae
535 905 715 950 Latinae
748 923 800 950 ex
832 907 981 950 Tacito
1013 908 1316 964 cognoscimus.
1380 908 1534 965 Itaque
1565 909 1678 952 haud

169 974 255 1018 scio
289 991 344 1019 an
378 975 563 1020 hominis
596 980 713 1022 cauti
745 980 802 1022 sit
834 981 1098 1036 acquiescere
1131 980 1174 1022 in
1207 981 1420 1036 scriptura
1453 982 1636 1025 tradita:

385 1050 437 1090 At
468 1065 548 1093 non
580 1053 683 1094 haec
714 1055 920 1108 quondam
951 1054 1068 1095 nobis
1097 1056 1303 1107 promissa
1335 1055 1482 1096 dedisti

392 1123 507 1177 Voce,
540 1127 656 1167 mihi
687 1139 768 1167 non
799 1126 902 1167 haec
933 1127 1131 1167 miserae
1160 1141 1333 1180 sperare
1363 1128 1545 1169 iubebas.

170 1192 252 1243 Qui
284 1196 428 1237 autem
461 1195 541 1238 sibi
574 1198 826 1252 persuadere
849 1212 929 1240 nou
953 1200 1096 1252 potest
1119 1196 1337 1240 Catullum
1360 1199 1486 1241 verbo
1508 1198 1679 1242 iubendi

170 1266 234 1307 ita
286 1279 409 1308 usum
458 1281 566 1320 esse,
614 1268 649 1310 is
696 1268 836 1311 locum
883 1284 1035 1312 sanare
1074 1271 1258 1322 studeat,
1298 1269 1369 1312 sed
1408 1284 1494 1312 non
1530 1271 1594 1312 ita
1634 1273 1682 1312 ut

172 1337 330 1381 reiecto
362 1341 479 1383 uobis
509 1340 729 1395 praeferat
762 1343 928 1385 blanda.
976 1342 1025 1384 Id
1057 1342 1171 1385 enim
1204 1341 1436 1385 tenendum
1467 1344 1531 1385 est
1562 1342 1683 1385 nullo

174 1409 299 1453 modo
331 1412 515 1467 perspici
547 1427 681 1468 posse,
716 1429 803 1469 qua
835 1415 1004 1457 ratione
1037 1416 1155 1458 nobis
1186 1429 1238 1457 ex
1270 1415 1425 1456 blanda
1457 1416 1598 1457 ortum
1623 1415 1681 1457 sit

171 1485 321 1525 contra
353 1485 508 1527 blanda
546 1485 679 1527 videri
710 1501 799 1529 esse
837 1490 1124 1529 commentum
1163 1486 1344 1529 hominis
1380 1486 1495 1529 haud
1532 1486 1686 1550 stum-h»

172 1554 246 1610 qui
279 1570 331 1597 ex
365 1557 509 1600 eadem
543 1558 756 1613 scriptura
790 1559 1154 1614 proficiscebatur,
1195 1573 1304 1613 quae
1336 1559 1382 1601 in
1415 1558 1535 1601 libris
1570 1557 1685 1601 DLG

174 1625 371 1672 habetur.

295 1699 458 1753 64‚273

389 1774 634 1825 Procedant,
667 1776 840 1817 leviter
869 1782 1017 1818 sonant
1047 1778 1249 1830 planqore
1283 1777 1483 1818 cachinni.

298 1844 586 1888 Plurimorum
597 1846 787 1889 codicum
797 1848 1011 1903 scriptura
1030 1850 1171 1890 leuiter
1187 1853 1335 1890 sonant
1343 1849 1493 1889 contra
1502 1849 1685 1889 metrum

178 1922 359 1973 pugnat,
392 1932 477 1959 non
509 1917 612 1960 item
645 1918 708 1971 id,
749 1919 862 1974 quod
893 1920 936 1961 in
970 1919 1109 1962 codice
1143 1919 1178 1962 O
1211 1923 1254 1961 et
1285 1920 1328 1961 in
1362 1919 1555 1975 margine
1587 1917 1686 1960 libri

177 1988 210 2030 L
253 1991 393 2032 extat:
440 1992 660 2046 leviterque
698 1999 866 2043 sonant3
906 2006 1034 2047 quam
1076 1993 1332 2047 scripturam
1371 1987 1568 2033 nonnulli
1607 1987 1689 2030 viri

178 2060 290 2103 docti
330 2065 378 2104 ut
417 2063 647 2118 genuinam
687 2064 998 2107 commendant.
1072 2063 1232 2107 Tamen
1271 2063 1439 2105 videtur
1479 2060 1689 2102 reicienda

178 2148 278 2176 esse.
351 2133 432 2177 Illo
485 2135 598 2178 enim
651 2136 742 2179 loco
794 2151 920 2192 quem
973 2136 1149 2178 Ellisius
1201 2135 1351 2178 laudat
1403 2148 1454 2175 ex
1506 2131 1690 2175 Senecae

179 2205 332 2261 Agam.
367 2207 474 2250 681:

394 2281 504 2322 Licet
538 2283 727 2337 alcyones
762 2283 893 2338 Ceyca
925 2297 1042 2324 suum

400 2355 541 2395 Fluclu
575 2356 715 2396 leviter
744 2357 965 2409 planqente
994 2360 1137 2396 sonent

185 2423 295 2466 nihil
342 2424 527 2467 efficitur
570 2426 651 2467 nisi
698 2426 827 2478 illud,
876 2427 919 2468 in
968 2425 1167 2468 adverbio
1215 2427 1354 2466 leniter
1401 2423 1535 2465 inesse
1573 2431 1692 2477 posse

183 2495 399 2538 notionem
445 2498 538 2540 soni
584 2499 810 2542 summissi.
889 2497 982 2540 Hoc
1035 2500 1180 2540 autem
1224 2496 1314 2539 loco
1357 2509 1451 2538 cum
1495 2494 1691 2536 Catullus

182 2568 501 2612 substantivum
537 2573 737 2625 plangore
765 2570 969 2627 posuerit,
1009 2585 1091 2611 non
1120 2571 1394 2623 expectamus
1430 2565 1690 2615 adverbium,

186 2642 297 2695 quod
322 2641 448 2682 verbo
472 2643 650 2685 sonandi
673 2643 896 2694 adiciatur,
928 2642 998 2684 sed
1023 2641 1276 2684 adiectivum
1300 2639 1456 2694 potius,
1487 2651 1570 2692 quo
1593 2636 1693 2677 sub-

185 2712 422 2754 stantivum
464 2716 663 2769 planqore
707 2716 951 2759 definiatur,
1015 2713 1154 2763 Quare
1192 2727 1288 2755 cum
1323 2710 1429 2753 illud
1476 2711 1694 2762 leviterque

189 2798 272 2826 non
295 2784 499 2836 sufficiat,
534 2790 613 2832 viri
645 2789 758 2831 docti
781 2788 864 2830 iam
888 2785 1053 2842 pridem
1075 2785 1214 2828 varias
1237 2783 1306 2825 sed
1331 2782 1445 2825 inter
1467 2795 1508 2823 se
1531 2779 1690 2823 similes
