1950 3256
1010 189 1036 230 2

272 312 395 365 parte
444 312 544 352 ante
586 309 730 350 omnia
763 309 800 350 ei
841 306 1119 362 componendi
1162 310 1261 348 sunt
1303 306 1397 357 loci,
1440 306 1592 362 quibus
1633 304 1669 349 G
1702 308 1778 349 aut

273 381 492 424 meliorem
539 383 614 423 aut
664 380 849 436 peiorem
899 393 1027 434 quam
1062 377 1325 431 Lachmanni
1371 377 1471 420 libri
1519 377 1777 433 scripturam
1814 374 1817 377 ’

274 453 461 497 exhibet.
526 452 754 495 Praeterea
787 466 882 494 cum
916 450 1026 492 libro
1049 448 1086 491 G
1119 451 1280 492 multae
1313 450 1592 493 correctiones
1626 449 1777 491 raden-

274 525 326 567 do
359 524 424 566 vel
460 525 739 581 expungendo
771 524 911 566 factae
944 522 1189 577 multaeque
1212 522 1448 577 scripturae
1470 520 1658 575 duplices
1680 533 1779 575 pro-

275 598 393 653 priae
433 597 533 648 siut,
574 602 767 639 nostrum
816 597 899 638 erit
936 609 1139 650 quaerere
1181 594 1230 636 de
1271 594 1337 636 his
1375 594 1476 650 quid
1509 592 1779 635 iudicandum

274 670 342 712 sit.
407 669 543 712 Simul
579 672 721 712 autem
757 669 797 710 id
831 668 1043 725 agendum
1077 669 1154 718 est,
1189 670 1236 708 ut
1270 669 1490 722 appareat,
1529 680 1632 708 num
1664 666 1779 707 recte

276 741 564 785 Baehrensius
599 742 655 796 (p.
691 740 795 782 XIX
829 741 939 795 sqq.)
982 743 1022 780 et
1057 740 1129 794 qui
1162 738 1198 780 ei
1233 738 1457 794 astipulati
1490 741 1590 779 sunt
1623 737 1780 780 librum

275 812 312 855 Gr
345 814 608 868 archetypon
653 816 891 856 ceterorum
931 812 1136 854 librorum
1175 814 1347 866 praeter
1388 808 1423 852 Ο
1463 809 1652 852 omnium
1691 823 1780 852 esse

275 885 570 928 iudicaverint.

396 957 487 1000 Iam
522 957 574 999 ad
607 957 914 999 enumerandos
944 971 1013 999 eos
1041 956 1153 999 locos
1184 970 1256 998 nos
1284 955 1582 1006 convertimus,
1613 954 1779 1009 quibua

275 1045 371 1073 cum
413 1028 677 1071 Lachmauni
725 1029 887 1071 codices
934 1031 1181 1083 corruptam
1229 1028 1485 1082 scripturam
1532 1026 1779 1082 praebeant,

276 1101 312 1144 G
354 1104 431 1144 aut
470 1115 617 1143 verum
660 1101 845 1142 servavit
886 1103 960 1143 aut
999 1104 1113 1143 certe
1152 1101 1325 1156 propius
1366 1113 1493 1154 quam
1533 1098 1599 1139 illi
1637 1096 1692 1140 ab
1731 1111 1780 1139 eo

276 1175 409 1217 abest.
464 1172 585 1215 Inter
617 1187 722 1228 quos
754 1173 892 1228 primo
924 1174 1015 1216 loco
1049 1187 1117 1215 eos
1145 1187 1314 1227 ponam,
1349 1171 1502 1226 quibus
1526 1184 1674 1212 verum
1695 1169 1780 1211 iam

277 1248 330 1289 ab
363 1246 486 1288 Italis
519 1246 742 1288 inventum
775 1248 817 1287 et
850 1261 874 1288 a
906 1246 1180 1288 Lachmauno
1206 1244 1433 1299 probatum
1458 1246 1561 1284 erat.
1613 1240 1781 1296 Ubique

277 1323 420 1362 autem
461 1318 697 1360 adscribam
735 1318 991 1373 scripturam
1025 1317 1176 1361 codicis
1211 1316 1259 1367 Ο,
1299 1330 1383 1372 quo
1414 1313 1706 1357 commoditati
1737 1316 1782 1354 et

275 1391 512 1448 legentium
545 1391 589 1431 et
622 1391 670 1431 ut
701 1389 814 1432 iufra
847 1391 1074 1445 apparebit
1106 1393 1275 1432 nostrae
1307 1387 1569 1431 consulatur.

399 1462 471 1514 9‚8

499 1537 547 1577 Ut
578 1549 664 1576 mos
697 1541 754 1577 est
788 1542 917 1586 tuus,
952 1537 1247 1589 applicansque
1281 1535 1425 1575 collum

495 1614 627 1649 tuum
662 1606 699 1648 D
733 1609 829 1649 tuis
862 1607 895 1648 L
933 1615 1044 1651 tuus
1077 1605 1152 1649 GO

407 1679 536 1731 11‚10

498 1752 691 1793 Caesaris
722 1754 888 1793 visens
920 1752 1164 1792 monimenta
1196 1751 1334 1804 rnaqni

496 1826 675 1866 videns
706 1823 782 1865 DL
813 1826 981 1865 visens
1013 1821 1088 1864 GO

402 1896 504 1948 224

499 1970 603 2011 Puto
637 1982 743 2010 esse
775 1982 861 2022 690
893 1969 951 2008 illi
982 1968 1094 2008 milia
1128 1972 1198 2007 aut
1231 1967 1366 2008 decem
1398 1971 1469 2006 aut
1500 1966 1624 2019 plura

497 2056 586 2096 690
620 2055 724 2083 esse
757 2038 833 2080 DL
866 2054 971 2081 esse
1005 2053 1094 2093 690
1127 2037 1201 2080 GO

404 2114 503 2166 37‚9

500 2187 654 2241 Atqui
682 2192 847 2240 putate.-
878 2199 1053 2238 nctmque
1085 2186 1206 2225 totins
1238 2184 1352 2225 vobis

499 2264 649 2312 atque
683 2257 758 2299 DL
791 2259 931 2312 atqui
964 2254 1039 2299 GO

406 2330 568 2381 61‚166
602 2329 727 2386 (159)
992 2333 995 2334 ⁷

504 2403 702 2456 Transfer
732 2404 890 2444 omine
923 2417 1010 2443 cnm
1045 2403 1149 2444 bono

499 2477 685 2516 onnine
718 2474 756 2515 D
790 2489 925 2517 omne
958 2475 992 2517 L
1025 2478 1182 2516 omine
1214 2470 1290 2515 (ΞΟ

408 2546 538 2597 63,76

426 2635 429 2637 ·
501 2620 564 2659 Ibi
597 2620 775 2659 iuncta
807 2621 902 2671 iuya
937 2619 1141 2658 resolvens
1176 2617 1319 2671 Cybele
1351 2615 1532 2656 leonibus

499 2693 672 2732 vincta
706 2687 780 2730 DL
813 2691 988 2731 iuncta
1021 2686 1096 2730 (ΞΟ

411 2761 639 2804 Praeterea
671 2761 742 2804 hic
774 2760 1092 2803 memorandum
1128 2763 1192 2801 est
1223 2773 1379 2802 nomen
1411 2759 1566 2809 Attis,
1603 2756 1714 2812 quod
1746 2755 1790 2798 in

288 2850 322 2877 c.
359 2835 414 2876 63
448 2835 582 2876 sexies
613 2834 810 2876 occurrit.
861 2832 972 2874 Nam
1005 2832 1048 2874 in
1075 2832 1112 2873 D
1145 2837 1188 2874 et
1211 2831 1244 2873 L
1275 2832 1432 2886 ubique
1466 2833 1572 2872 athis
1603 2833 1647 2872 et
1679 2831 1791 2871 amin
