1950 3256
887 144 942 185 38

168 262 382 318 scriptura
421 262 473 303 ad
512 262 768 304 seutentiam
806 264 988 317 perapta
1028 265 1111 311 est3
1155 276 1251 304 nam
1291 263 1400 305 idem
1434 265 1521 306 fere
1556 266 1671 307 valet

168 337 298 389 atque
335 334 442 377 illud
482 337 590 389 quin.
669 332 748 375 Sed
789 333 1020 390 genuinam
1061 348 1154 376 eam
1194 337 1348 388 putare
1388 335 1549 378 incauti
1591 340 1669 389 est,

168 422 263 449 cum
296 421 432 461 neque
470 421 610 448 errore
650 421 723 447 nec
761 407 998 448 mutatione
1029 409 1265 448 ceterorum
1301 406 1505 450 librorum
1537 410 1671 465 scrip-

168 482 268 520 tura
301 480 488 533 lentaque
525 493 576 520 ex
608 493 657 519 ea
689 481 784 520 orta
816 491 904 519 esse
936 478 1083 531 possit.
1132 476 1267 519 Immo
1299 478 1340 520 id
1373 479 1526 534 ipsum,
1559 481 1670 536 quod

169 554 356 604 lentaque
390 548 514 590 nihili
547 551 623 598 est,
659 548 812 590 indicio
845 563 934 590 esse
966 549 1092 591 debet
1123 549 1229 591 illud
1252 552 1324 591 sed
1345 551 1497 593 codicis
1521 551 1557 594 O
1579 567 1672 595 cor-

171 622 325 665 rectori
358 620 631 662 tribuendum
664 635 766 671 esse,
806 619 879 675 qui
912 622 1133 675 perspecto
1165 621 1315 663 mendo
1347 637 1428 664 non
1462 625 1671 679 optimam

170 694 369 737 adhibuit
406 693 637 743 medelam3
677 707 804 748 quani
846 706 920 734 nos
962 696 1076 734 certe
1109 707 1190 734 non
1225 694 1544 748 amplectemur,
1577 710 1671 738 cum

174 767 312 809 altera
345 766 421 808 illa
454 768 503 806 ut
534 766 671 808 multo
704 764 838 809 lenior
871 764 934 806 ita
965 764 1094 806 etiam
1130 765 1265 807 multo
1298 765 1356 807 sit
1388 767 1641 823 elegantior.

293 837 453 890 64‚139

387 910 439 951 At
471 922 551 951 non
582 910 684 950 haec
717 910 923 963 quondam
955 910 1106 951 nobis
1135 912 1341 963 promissa
1371 912 1518 953 dedisti

397 983 512 1032 Voce,
529 982 625 1022 milei
641 995 721 1022 non
738 980 872 1036 (codd.
885 981 977 1037 nec)
995 983 1097 1023 haec
1115 984 1288 1024 miserae
1304 997 1476 1036 sperare
1491 984 1674 1026 iubebas.

296 1053 365 1096 Sic
388 1054 433 1095 hi
456 1053 538 1095 duo
559 1067 706 1095 versus
723 1052 766 1093 in
785 1053 979 1096 omnibus
996 1053 1207 1096 codicibus
1225 1055 1375 1110 scripti
1392 1057 1514 1105 sunt3
1546 1056 1676 1098 codex

174 1127 209 1170 Ο
259 1129 302 1169 et
350 1139 498 1181 margo
545 1124 646 1166 libri
692 1123 726 1165 L
774 1125 980 1179 praebent
1020 1127 1174 1168 blanda
1221 1139 1298 1180 pro
1345 1127 1460 1168 nobis
1499 1141 1676 1182 eamque

177 1199 430 1255 scripturam
474 1196 760 1239 Baehrensius
807 1200 851 1238 et
888 1196 963 1239 alii
1000 1197 1122 1241 unice
1161 1213 1301 1241 veram
1346 1201 1503 1253 putant
1535 1201 1675 1242 totum

175 1273 314 1314 locum
346 1271 405 1313 sic
437 1269 773 1312 conformantes:

388 1343 441 1384 At
472 1356 554 1384 non
583 1343 686 1383 haec
718 1343 923 1396 quondam
955 1343 1111 1384 blanda
1139 1345 1347 1396 promissa
1377 1344 1524 1385 dedisti

396 1416 498 1457 Voce
529 1416 639 1465 mihi,
671 1429 753 1456 non
784 1416 887 1456 haec
917 1417 1068 1456 misera
1097 1429 1270 1469 sperare
1299 1416 1481 1457 iubebas.

174 1488 232 1530 Et
271 1487 396 1530 facile
434 1501 535 1529 sane
576 1486 852 1541 perspicitur,
893 1485 1046 1541 quibus
1085 1487 1325 1529 rationibus
1363 1486 1480 1530 ducti
1515 1487 1582 1529 illi
1619 1487 1678 1530 sic

175 1558 471 1603 iudicaverint.
537 1557 726 1599 Primum
765 1558 877 1600 enim
910 1558 968 1600 sic
1001 1557 1257 1601 adiectivum
1287 1558 1593 1602 nanciscuntur
1625 1558 1678 1601 ad

176 1635 276 1688 apte
307 1630 593 1674 definiendum
625 1630 943 1673 substantivum
975 1645 1087 1682 voce,
1120 1631 1231 1685 quod
1264 1631 1524 1674 nostratium
1554 1645 1679 1673 sensu

176 1707 266 1747 sine
313 1703 508 1759 epitheto
570 1702 697 1745 nimis
745 1703 857 1745 nude
907 1702 1009 1758 poni
1062 1703 1270 1745 videatur.
1343 1702 1452 1745 Tum
1496 1703 1679 1758 pluralis

176 1779 292 1820 nobis
324 1777 578 1828 removetur,
611 1775 655 1816 in
687 1789 770 1830 quo
802 1773 896 1829 quis
929 1774 1104 1817 haerere
1135 1775 1269 1830 possit
1300 1774 1448 1818 statim
1476 1776 1680 1829 sequente

176 1847 387 1905 singulari
427 1848 534 1889 mihi.
598 1846 794 1901 Denique
827 1847 862 1887 si
893 1848 1009 1889 nobis
1040 1846 1256 1898 scribitur,
1289 1861 1385 1890 cum
1417 1849 1512 1888 mihi
1544 1846 1597 1888 ad
1629 1860 1680 1888 ea

176 1936 286 1978 quae
318 1919 556 1976 sequuntur
588 1918 845 1961 trahendum
883 1919 960 1971 sit,
996 1919 1170 1961 verbum
1202 1918 1375 1961 iubendi
1406 1933 1502 1961 cum
1533 1918 1679 1961 dativo

177 1992 450 2035 coniunctum
489 1990 716 2040 habemus;
763 2005 893 2045 quam
932 1991 1209 2033 offensionem
1248 1990 1313 2031 illi
1349 1991 1413 2033 ita
1452 1990 1679 2046 effugiunt,

179 2067 227 2106 ut
275 2065 429 2106 blanda
467 2063 701 2106 scribentes
741 2065 837 2112 mihi
873 2062 927 2105 ad
974 2063 1244 2106 enuntiatum
1276 2063 1394 2118 prius
1425 2063 1606 2106 trahant
1636 2063 1680 2104 et

179 2136 419 2179 mutatione
450 2135 554 2178 satis
587 2135 673 2176 leni
704 2149 755 2176 ex
786 2137 959 2177 miserae
991 2134 1183 2177 efficiant
1214 2138 1365 2177 misera
1386 2135 1456 2177 vel
1475 2136 1677 2177 miseram.

178 2208 270 2251 Iam
303 2222 401 2250 vero
433 2207 488 2259 id,
522 2208 632 2250 unde
663 2206 950 2263 discrepantia
982 2208 1098 2250 nobis
1129 2209 1226 2250 orta
1257 2208 1327 2259 sit,
1361 2205 1574 2262 explicare
1595 2219 1680 2247 non

178 2283 368 2336 possunt.
433 2278 544 2322 Nam
581 2278 695 2333 quod
733 2280 849 2320 nobis
886 2293 1027 2321 errore
1058 2294 1136 2334 pro
1169 2281 1322 2322 blanda
1354 2278 1559 2333 scriptum
1591 2291 1680 2319 esse

179 2352 346 2403 dicunt,
399 2352 441 2393 id
498 2350 778 2406 probabiliter
825 2350 1015 2405 profecto
1067 2351 1133 2392 illi
1180 2366 1266 2394 non
1313 2352 1472 2395 dicunt.
1541 2348 1681 2398 Quare

179 2427 373 2467 nostrum
412 2424 494 2466 erit
538 2422 778 2466 accuratius
816 2422 1030 2478 inquirere
1068 2423 1111 2465 in
1152 2423 1338 2466 rationes
1378 2422 1488 2474 illas,
1527 2420 1681 2476 quibus

179 2497 391 2552 scriptura
425 2497 579 2538 blanda
610 2495 897 2537 commendari
927 2493 1166 2539 videbatur.

298 2568 348 2610 In
381 2583 465 2624 quo
498 2570 641 2610 autem
663 2565 970 2609 Baehrensium
1004 2569 1047 2608 et
1078 2567 1218 2622 ipsum
1251 2565 1322 2607 vix
1354 2564 1538 2608 haesisse
1559 2564 1678 2617 puto,

180 2641 260 2683 hoc
307 2643 389 2692 est,
437 2639 550 2695 quod
596 2638 858 2694 pronominis
902 2638 1065 2693 primae
1114 2652 1318 2694 personae
1359 2650 1557 2679 numerus
1589 2637 1679 2677 tam

180 2713 323 2755 subito
354 2714 569 2762 mutatur;
600 2711 718 2753 cuius
750 2710 1004 2753 mutationis
1037 2711 1231 2766 exempla
1263 2724 1357 2752 cum
1385 2708 1498 2763 apud
1519 2709 1681 2749 ceteros

180 2784 406 2838 scriptores
438 2786 531 2825 tum
564 2783 677 2839 apud
701 2781 917 2824 Catullum
951 2797 1033 2824 non
1066 2797 1164 2825 rara
1196 2786 1310 2825 sunt.
1357 2779 1535 2822 Prorsus
1566 2792 1682 2821 com-
