1950 3256
955 162 1014 204 20

232 283 468 325 ceterorum
516 281 730 337 scriptura
768 280 960 336 profecta
1000 281 1057 323 sit
1099 281 1212 324 haud
1254 282 1380 325 dubie
1421 298 1444 326 a
1483 283 1734 334 correctore,

231 354 305 410 qui
336 355 523 397 metrum
555 354 768 410 corrigere
800 353 1048 398 conabatur.

351 426 547 482 Apparet
587 427 731 468 autem
771 426 838 468 his
878 427 974 468 octo
1012 415 1116 469 locis
1154 440 1257 482 quos
1297 426 1420 468 modo
1450 426 1733 470 tractavimus

231 500 414 543 codicem
469 497 505 540 G
559 498 824 541 liachmanni
882 497 1004 540 libris
1065 497 1249 553 pristina
1300 498 1466 541 librarii
1519 498 1732 554 scriptura

230 573 468 627 praestare,
516 585 603 613 non
635 570 989 622 correctionibus3
1029 572 1130 613 sunt
1166 570 1301 626 igitur
1339 570 1523 613 eiusdem
1563 570 1732 626 generis

229 646 359 699 atque
391 643 470 696 illi,
504 657 608 698 quos
640 643 686 685 in
715 642 841 685 initio
863 642 989 685 huius
1011 642 1313 698 disputationis
1335 643 1634 699 congessimus,
1673 641 1732 684 Et

227 717 409 759 fortasse
447 716 578 758 etiam
617 715 808 771 pertinet
850 715 933 757 huc
973 730 1128 768 nonus,
1179 715 1361 770 64‚249‚
1409 729 1492 770 quo
1533 714 1730 758 dubitare

227 788 342 840 licet,
375 788 476 842 quid
510 786 706 830 Catullus
740 787 978 843 scripserit:

446 861 561 911 Quae
594 866 753 902 tamen
784 866 1079 915 prospectans
1111 861 1314 901 cedentem
1346 866 1503 902 maesta
1529 853 1729 905 carinam.

347 931 471 975 Hanc
502 931 760 986 scripturam
794 933 943 987 aperte
975 931 1172 974 vitiosam
1206 931 1370 975 habent
1402 930 1461 973 ΘΙ
1504 934 1547 975 et
1579 932 1628 985 O,
1661 932 1721 976 Ga

225 1005 474 1063 corrigendo
495 1003 655 1047 effecit:

445 1078 560 1128 Quae
592 1083 726 1118 tamen
761 1082 979 1130 aspectans
1011 1077 1213 1118 cedentem
1245 1083 1402 1119 maesta
1435 1079 1621 1120 carinam

225 1150 352 1205 idque
373 1148 672 1192 Lachmannus
705 1163 727 1190 e
760 1148 845 1190 suis
878 1148 998 1191 libris
1031 1148 1176 1190 edidit.
1228 1147 1376 1210 Neque
1408 1150 1559 1205 negari
1584 1151 1728 1206 potest

225 1222 305 1266 hoc
338 1225 452 1265 recte
491 1220 574 1263 dici
605 1235 739 1277 posse.
803 1219 883 1264 Sed
926 1222 960 1263 si
1000 1221 1271 1264 recordamur
1310 1221 1498 1263 locorum
1538 1221 1725 1275 illorum,

225 1295 275 1338 de
306 1295 460 1350 quibus
492 1294 614 1337 modo
647 1293 824 1350 egimus,
856 1291 1039 1347 suspicio
1070 1293 1236 1336 oriatur
1267 1307 1434 1336 necesse
1466 1295 1550 1346 est,
1590 1309 1644 1338 ne
1676 1298 1726 1338 ut

223 1367 310 1409 illis
349 1367 408 1410 sic
446 1367 516 1409 hic
554 1380 721 1422 quoque
760 1365 973 1421 scriptura
1013 1367 1150 1408 metro
1196 1367 1451 1409 conveniens
1496 1368 1726 1411 correctori

223 1439 441 1482 debeatur.
488 1438 552 1482 Ea
569 1438 750 1494 suspicio
773 1437 972 1480 firmatur
1001 1452 1061 1490 eo,
1093 1437 1204 1492 quod
1226 1438 1328 1480 duos
1350 1440 1483 1481 testes
1505 1439 1724 1493 habemus,

222 1512 296 1567 qui
327 1512 373 1554 in
404 1510 445 1553 V
477 1526 583 1567 quae
615 1517 748 1553 tamen
779 1516 1050 1565 prospectans
1083 1509 1210 1552 fuisse
1241 1512 1473 1563 testantur,
1506 1510 1566 1554 G¹
1596 1513 1641 1554 et
1673 1511 1721 1555 Ο.

220 1584 271 1626 In
316 1583 577 1627 emendando
623 1584 758 1639 igitur
804 1581 1155 1638 proficiscendum
1202 1583 1372 1625 videtur
1418 1598 1470 1626 ex
1509 1584 1723 1641 scriptura

221 1670 327 1712 quae
359 1663 493 1699 tamen
525 1662 809 1711 prospectans.
872 1653 931 1696 Et
968 1654 1055 1698 iam
1094 1655 1202 1698 duae
1232 1657 1386 1711 patent
1423 1656 1530 1709 viae,
1569 1658 1722 1711 altera,

218 1731 268 1771 ut
313 1729 520 1784 probetur
566 1731 688 1771 vetus
739 1728 817 1770 illa
863 1726 1105 1770 coniectura
1154 1742 1260 1783 quae
1306 1734 1442 1771 tamen
1489 1736 1722 1784 aspectans,

217 1801 376 1853 altera,
422 1802 472 1842 ut
518 1815 615 1843 cum
653 1799 879 1842 Schwabio
917 1798 1130 1842 scribatur
1170 1814 1276 1855 quae
1316 1807 1399 1843 tum
1437 1808 1720 1856 prospectans,

217 1871 318 1924 Nos,
350 1887 612 1928 quamquam
657 1886 758 1915 sane
804 1870 899 1913 fieri
943 1871 1100 1926 potuit,
1149 1874 1199 1914 ut
1243 1872 1447 1916 librarius
1493 1874 1721 1917 memoriae

215 1945 341 2000 lapsu
373 1959 425 1987 ex
455 1944 646 1988 versibus
679 1943 750 1988 52,
785 1944 855 1988 60.
890 1943 960 1987 61.
994 1943 1064 1996 62,
1098 1944 1250 2000 quibus
1280 1946 1459 1989 eundem
1481 1946 1525 1987 in
1547 1945 1719 1988 modum

214 2015 402 2060 Ariadne
435 2017 688 2060 describitur
719 2019 851 2071 atque
882 2015 962 2058 hoc
992 2016 1107 2059 loeo:

428 2091 615 2145 Namque
645 2089 883 2143 fluentisono
915 2096 1234 2144 prospectans
1266 2092 1383 2132 litore
1414 2092 1520 2133 Diae
1551 2116 1609 2121 —

431 2163 557 2213 Quem
588 2163 736 2216 procul
766 2177 819 2203 esc
851 2164 949 2216 alya
981 2165 1146 2205 maestis
1178 2164 1325 2205 Minois
1356 2165 1492 2206 ocellis

427 2236 571 2277 Saoeea
603 2240 648 2276 ut
679 2236 835 2289 efsiqies
867 2236 1107 2278 bacchantis
1137 2238 1358 2290 prospicit
1390 2237 1529 2286 euhoe,

426 2308 651 2362 Prospicit
683 2313 721 2349 et
746 2339 755 2348 .
781 2338 790 2348 .
815 2340 824 2349 .
910 2293 914 2298 ’

210 2385 482 2434 prospectans
512 2393 591 2434 pro
623 2379 808 2435 genuino
841 2385 1060 2434 aspectans
1092 2379 1176 2421 huc
1207 2379 1388 2422 inferret
1413 2378 1540 2436 (idem
1562 2378 1715 2422 vitium

211 2451 480 2494 commissum
514 2453 579 2493 est
612 2451 655 2493 in
678 2466 715 2495 V.
740 2452 826 2494 389
860 2452 904 2493 in
927 2451 966 2493 D
1001 2453 1045 2493 et
1076 2451 1121 2494 in
1143 2466 1182 2495 v,
1206 2452 1293 2494 243
1325 2451 1370 2494 in
1403 2451 1555 2504 codice,
1587 2465 1715 2506 quem

210 2521 384 2566 Ellisius
416 2524 565 2566 littera
597 2539 621 2566 a
654 2522 948 2582 significavit),
990 2524 1126 2581 magis
1158 2523 1246 2565 fere
1278 2537 1326 2565 eo
1356 2514 1624 2576 inclinamus,
1665 2525 1715 2565 ut

209 2594 390 2636 alteram
431 2595 723 2650 ingrediamur
760 2596 875 2638 viam
913 2584 1184 2639 recordantes
1223 2610 1350 2651 quam
1384 2609 1509 2650 saepe
1540 2595 1714 2638 voculae

208 2672 290 2708 tum
322 2667 366 2708 et
398 2673 532 2708 tamen
565 2667 633 2717 (th
662 2669 706 2708 et
738 2669 801 2718 tn)
835 2684 860 2711 a
892 2668 1079 2710 librariis
1113 2656 1470 2711 commutentur(

328 2738 550 2780 Immerito
582 2741 726 2782 autem
758 2739 1042 2783 Baehrensius
1075 2756 1126 2783 ex
1158 2741 1385 2796 scriptura,
1417 2753 1545 2794 quam
1577 2737 1636 2780 (ἴτ’
1668 2740 1712 2780 et

642 2801 657 2821 ἱ
