1950 3256
0 790 21 1044 wem-usun-

1018 207 1072 250 37

301 325 576 370 coniunctum
608 340 701 368 cum
733 326 934 382 genetivo
957 329 1050 382 ayru’
1070 341 1143 369 seu
1165 325 1254 368 sine
1275 326 1356 370 tali
1378 326 1578 383 genetivo
1600 327 1799 383 positum.

300 397 548 453 Utrumque
580 397 722 453 igitur
762 402 806 439 et
844 401 974 441 cultor
1012 401 1056 441 et
1093 413 1247 441 messor
1284 398 1400 442 haud
1431 398 1557 442 dubie
1588 413 1690 442 sane
1719 398 1801 442 hoc

301 462 395 513 loco
425 468 509 511 dici
538 471 703 525 potest3
736 469 807 512 sed
839 470 875 511 si
907 470 948 512 id
980 472 1234 526 spectamus,
1266 473 1316 512 ut
1347 471 1468 526 origo
1490 470 1801 526 discrepantiae

298 541 501 596 patefiat,
537 534 674 583 'cultor
713 542 834 584 nobis
870 541 1196 598 praeferendum
1237 545 1314 594 est,
1355 543 1466 598 quod
1505 557 1591 585 non
1631 542 1801 585 videtur

305 613 360 656 ab
396 612 706 668 interpolatore
743 612 980 668 profectum
1020 629 1129 664 esse;
1169 629 1268 657 uam
1306 615 1342 657 si
1379 614 1476 670 quis
1505 614 1551 657 in
1581 614 1694 658 libro
1725 629 1800 657 suo

299 684 474 741 legebat
520 699 676 727 messor
719 686 912 738 flaventia
960 688 1120 728 demetit
1168 701 1294 738 arva,
1342 701 1451 743 quae
1489 687 1527 728 ei
1566 700 1671 729 ansa
1708 700 1800 729 esse

287 748 472 819 V'poterat
515 755 858 812 interpretandi?
941 757 1102 801 Contra
1152 758 1188 800 si
1235 761 1365 802 cultor
1410 759 1643 815 genuinum
1690 760 1798 809 erat,

298 842 400 871 sane
431 827 524 870 fieri
556 830 741 883 poterat,
773 844 869 872 cum
902 830 1077 872 verbum
1109 830 1296 874 metendi
1327 834 1590 887 sequeretur,
1622 832 1673 872 ut
1703 829 1799 885 quis

297 899 512 942 notionem
536 903 668 943 cultor
688 902 928 944 accuratius
952 902 1034 944 sibi
1050 901 1367 946 describendam
1387 905 1563 958 putaret
1584 902 1798 958 adscripto

297 986 463 1015 messor.
518 971 849 1032 Commendatur
880 976 1105 1028 praeterea
1137 976 1268 1016 cultor
1298 974 1391 1017 loco
1430 974 1605 1026 Tibulli,
1638 989 1723 1030 quo
1754 977 1798 1016 et

298 1043 390 1099 ipso
422 1046 554 1087 cultor
583 1051 731 1086 metere
761 1044 917 1087 dicitur
947 1045 1011 1087 IV
1045 1046 1240 1097 2‚17.18:

512 1119 816 1172 Possideatque,
848 1121 987 1160 metit
1018 1120 1216 1173 quidquid
1247 1120 1346 1161 bene
1376 1120 1573 1162 olentibus
1604 1122 1718 1162 arvis

583 1190 759 1232 Cultor
788 1191 990 1232 odoratae
1020 1192 1133 1232 dives
1164 1192 1301 1234 Arabs
1330 1194 1489 1246 segetis.

296 1258 393 1303 Non
427 1263 544 1303 recte
574 1261 710 1317 igitur
741 1260 1028 1304 Baehrensius
1060 1277 1215 1306 messor
1245 1277 1297 1306 ex
1328 1261 1365 1305 Ο
1397 1263 1541 1307 edidit.

416 1333 578 1385 61,106

487 1406 637 1448 'Lenta
668 1408 753 1460 qm·
783 1408 890 1448 velut
923 1407 1083 1449 adsitas

584 1479 683 1520 Vitis
712 1480 894 1532 implicat
926 1480 1111 1530 arbores,

576 1551 861 1604 Implicabitur
891 1552 933 1593 in
965 1557 1076 1593 taum

507 1621 783 1676 Complexum.

413 1691 484 1736 Sic
505 1695 614 1735 lenta
638 1696 707 1748 qui
722 1692 1023 1737 Lachmannus
1048 1694 1091 1736 in
1114 1693 1299 1737 editione
1317 1694 1489 1750 scripsit
1509 1709 1587 1750 pro
1604 1693 1793 1737 codicum

295 1766 499 1820 lentaque.
576 1764 657 1807 Sed
696 1767 945 1821 pronomine
983 1766 1166 1809 relativo
1201 1766 1306 1809 haec
1343 1781 1427 1809 non
1475 1769 1577 1823 apte
1622 1766 1792 1809 adnecti

290 1836 492 1880 videntur
522 1837 892 1893 praecedentibus:

503 1911 596 1952 Non
626 1917 719 1952 tuus
750 1912 848 1952 levis
876 1913 920 1953 in
950 1913 1063 1953 mala

573 1984 744 2025 Deditus
773 1984 838 2024 vir
869 1985 1060 2025 adultera

573 2055 736 2096 Probra
767 2057 909 2109 turpia
937 2069 1186 2110 persequens

503 2126 539 2166 A
570 2127 651 2166 tuis
682 2128 832 2168 teneris
862 2129 968 2169 volet

576 2197 784 2239 Secubare
812 2201 993 2252 papillis.

269 2269 348 2314 ‚Et
393 2268 530 2311 multo
568 2268 706 2325 magis
745 2269 908 2323 placet,
948 2269 1060 2325 quod
1100 2269 1203 2312 Itali
1233 2269 1503 2312 coniecerunt
1534 2271 1645 2310 lenta
1675 2272 1786 2324 quin,

289 2341 400 2396 quod
431 2340 671 2383 sententiae
701 2342 872 2396 egregie
901 2340 1117 2391 convenit3
1150 2345 1215 2383 est
1247 2342 1361 2383 enim
1383 2344 1481 2396 quin
1502 2341 1548 2384 iu
1572 2340 1652 2383 hoc
1673 2355 1787 2385 nexu

288 2414 482 2455 nostrum
499 2413 678 2454 sondern
690 2414 892 2463 vielmehr‚
904 2413 1023 2455 cuius
1040 2426 1139 2454 usus
1156 2413 1351 2468 exempla
1361 2413 1603 2468 nuperrime
1611 2426 1787 2469 conges-

287 2483 345 2525 sit
365 2482 537 2526 Kienitz
568 2484 614 2526 in
645 2484 805 2536 libello,
837 2485 905 2527 cui
928 2485 1167 2540 inscripsit:
1200 2487 1250 2527 de
1272 2489 1369 2541 quin
1403 2487 1636 2540 particulae
1672 2489 1788 2541 apud

286 2559 447 2610 priscos
476 2558 700 2610 scriptores
730 2557 899 2599 Latinos
929 2572 1019 2608 asu,
1053 2556 1284 2600 Carlsruhe
1327 2557 1439 2599 1878
1472 2557 1667 2614 (Beilage
1689 2573 1784 2600 zum

290 2626 440 2682 Progr.
488 2627 529 2671 d.
576 2626 740 2684 grossh,
783 2626 939 2683 Gymn.
979 2643 1031 2670 zu
1070 2627 1116 2671 C.
1161 2628 1387 2687 1877178.)‚
1420 2644 1679 2686 quamquam
1720 2632 1785 2673 vir

288 2697 436 2740 doctus
473 2698 533 2741 ibi
574 2699 704 2741 etiam
737 2699 975 2755 complures
1006 2701 1121 2744 locos
1154 2701 1325 2753 attulit,
1363 2702 1437 2757 qui
1468 2717 1554 2744 non
1585 2702 1785 2745 videntur

287 2768 370 2812 huc
401 2770 629 2825 pertinere.
691 2770 783 2814 Iam
815 2771 945 2814 codex
977 2772 1014 2816 O
1045 2773 1221 2828 praebet
1253 2775 1363 2815 lenta
1393 2776 1478 2828 sed,
1509 2774 1620 2829 quod
1641 2774 1783 2818 Baeh-

286 2841 448 2884 rensius
500 2842 658 2898 aliique
704 2843 934 2899 genuinum
987 2847 1156 2899 putant.
1240 2844 1297 2887 Et
1349 2860 1450 2888 sane
1499 2846 1629 2889 etiam
1677 2846 1783 2889 haec
