1950 3256
929 162 987 204 62

204 283 503 340 componendis
535 283 757 338 scripturis
790 283 998 326 librorum
1030 280 1066 324 G
1099 284 1142 324 et
1174 279 1210 324 O
1242 283 1285 323 et
1319 279 1426 324 AOL
1459 283 1502 324 eb
1527 277 1700 323 BLa¹V

204 355 465 413 (Vatican.);
497 356 690 411 singulas
737 353 849 397 enim
886 355 981 395 tum
1019 353 1208 397 codicum
1249 352 1360 396 ACL
1397 355 1491 396 tum
1523 351 1698 396 BLa¹V

203 443 292 471 esse
324 427 511 471 familias
543 428 710 479 scimus,
744 425 797 470 cf.
830 424 952 469 Ellis.
986 427 1049 471 ed.
1088 426 1200 469 1878
1239 440 1280 481 p.
1314 424 1371 467 LI
1403 441 1487 482 sq.:

904 499 1118 554 Bauzla[s]
1151 497 1190 540 G

897 573 1064 614 Bauilla
1097 570 1132 613 O

471 640 732 757 sszzttsszfff
905 680 1070 721 Bamtcv
1112 677 1228 721 areh-
1265 676 1374 720 Aoi

473 789 648 829 Dauilas
669 785 767 829 BLa
780 788 790 808 ¹
905 777 930 845 b

470 861 643 902 Bartaelas
674 857 715 900 V
897 858 1071 900 Bauzlas
1102 857 1217 900 arch.
1251 855 1424 900 BLa¹V

472 930 666 989 (Bauilas
682 946 739 974 m.
758 930 813 988 Β)

201 1002 311 1046 Hinc
349 1003 394 1046 in
435 1004 671 1060 archetypo
702 1002 937 1046 Veronensi
977 1003 1200 1044 exaratum
1239 1001 1368 1044 fuisse
1400 1001 1594 1056 sequitur
1625 1001 1702 1043 aut

209 1075 236 1100 D
538 1076 654 1101 Dawlccs

204 1113 371 1154 Bamla⁸
411 1115 487 1155 aut
510 1114 681 1164 Bamla3
714 1111 906 1153 litteram
930 1112 967 1151 D
999 1109 1110 1151 enim
1139 1110 1224 1153 iam
1247 1110 1291 1153 in
1316 1109 1551 1165 archetypo
1572 1107 1707 1173 fuisse*

201 1184 445 1239 ponendum
477 1187 562 1237 est,
612 1199 712 1227 nam
743 1183 786 1225 in
826 1182 947 1225 BLa¹
989 1198 1013 1224 a
1062 1185 1298 1225 correctore
1345 1184 1442 1224 orta
1489 1193 1576 1222 esse
1616 1193 1700 1221 non

198 1259 363 1311 potest,
413 1271 509 1300 cum
549 1259 725 1299 Dauilas
772 1259 816 1297 et
853 1254 993 1310 ipsum
1033 1254 1142 1296 nihil
1182 1256 1250 1298 sit.
1314 1254 1431 1297 Idem
1471 1252 1521 1294 de
1561 1250 1701 1294 codice

200 1327 372 1371 Dat-ano
404 1330 538 1383 valet,
579 1329 654 1386 qui
687 1330 876 1370 Daunias
915 1326 1109 1377 exhibet3
1150 1327 1260 1370 unde
1294 1327 1475 1382 apparet
1506 1339 1558 1366 ex
1590 1322 1641 1375 G,
1675 1339 1700 1366 a

199 1414 281 1455 quo
329 1401 436 1442 illud
476 1401 513 1441 D
561 1401 702 1454 abest,
751 1415 849 1442 eum
886 1413 972 1441 non
1012 1413 1100 1441 esse
1140 1399 1379 1442 derivatum
1419 1397 1490 1453 (cf.
1532 1396 1699 1453 ephem.

198 1472 312 1516 lisser.
346 1472 434 1516 Ien.
472 1471 586 1515 1878
617 1489 660 1529 p.
693 1472 814 1528 210).

316 1555 462 1612 Atque
508 1556 616 1598 idem
665 1556 811 1599 eadem
861 1556 1026 1599 ratione
1067 1554 1352 1598 demonstrari
1391 1556 1534 1610 poi-,essa
1574 1567 1626 1596 ex
1658 1567 1696 1597 v,

197 1628 350 1681 65‚16‚
398 1628 473 1672 ubi
510 1643 662 1671 nomen
702 1630 925 1670 Battiadae
962 1628 1090 1671 variis
1129 1628 1413 1682 depravatum
1451 1625 1614 1669 mendis
1655 1625 1699 1667 in

198 1701 411 1744 codicibus
448 1703 590 1744 ex‘nat:
639 1699 675 1742 G
714 1700 889 1743 exhibeh
928 1697 1113 1752 acciade,
1147 1699 1182 1742 O
1215 1701 1392 1751 actiade,
1426 1698 1460 1741 B
1494 1701 1697 1750 bacliade,

198 1772 237 1814 D
273 1774 493 1815 abactiade
527 1772 583 1828 (ct
615 1772 682 1815 vel
715 1773 778 1828 tt).

316 1855 465 1912 Neque
497 1854 635 1896 minus
667 1854 746 1898 hoc
779 1858 870 1900 loco
903 1856 953 1899 de
985 1855 1151 1912 origine
1176 1855 1329 1898 codicis
1351 1855 1390 1897 D
1414 1856 1575 1912 aliquid
1597 1870 1698 1899 eon-

196 1928 309 1972 cludi
340 1930 496 1984 potesf„
529 1943 611 1984 quo
643 1928 745 1971 ordo
779 1930 1003 1972 verborum
1036 1928 1079 1970 in
1113 1928 1208 1971 aliis
1240 1927 1452 1971 codicibus
1485 1927 1595 1970 alius
1627 1941 1697 1970 oc-

195 2001 348 2053 currit,
385 2001 485 2053 77‚9
520 2000 711 2058 (78b,3):

415 2075 560 2116 Veram
591 2075 635 2116 id
665 2088 745 2116 non
776 2076 939 2127 impune
970 2075 1100 2128 feres:
1130 2089 1226 2116 nam
1260 2080 1298 2116 te
1330 2075 1466 2115 onmia
1497 2074 1650 2115 saecla.

194 2143 320 2187 Hunc
360 2146 588 2189 verborum
620 2146 813 2188 ordinem
846 2145 1020 2188 exhibet
1052 2144 1101 2197 O,
1136 2144 1172 2187 G
1204 2161 1344 2188 verum
1374 2160 1455 2187 non
1487 2147 1542 2187 id.
1605 2143 1696 2194 Quo

194 2231 246 2258 ex
277 2217 469 2259 dissensu
501 2217 720 2273 colligitur
752 2217 860 2259 illud
891 2219 935 2259 id
964 2217 1008 2258 in
1040 2217 1151 2261 libro
1182 2217 1223 2261 V
1255 2232 1339 2260 non
1370 2217 1416 2260 in
1448 2231 1573 2260 versu
1604 2217 1695 2272 ipso

193 2289 264 2331 sed
296 2290 372 2331 aut
404 2290 517 2331 inker
551 2304 693 2348 versus
726 2291 802 2332 aut
832 2290 879 2332 in
910 2290 1106 2346 margine
1138 2292 1359 2333 exaratum
1393 2290 1533 2333 fuisse.
1586 2288 1695 2339 Quid

193 2363 338 2403 autem
369 2360 593 2404 Datanus?
655 2361 736 2404 Ille
767 2377 843 2405 nec
876 2377 969 2404 cum
1003 2361 1040 2404 G
1073 2377 1148 2404 nec
1180 2378 1274 2404 cum
1308 2362 1344 2405 Ο
1376 2362 1590 2418 congruit,
1623 2361 1694 2403 sed

191 2434 236 2474 id
266 2447 405 2475 verum
437 2448 516 2476 non
550 2433 735 2478 exhibet.
798 2434 839 2476 Is
871 2435 973 2477 ordo
1005 2436 1161 2477 bonam
1191 2435 1518 2490 explicationem
1552 2433 1696 2485 habet,

193 2504 228 2546 si
261 2504 300 2546 D
333 2520 419 2548 non
450 2520 501 2548 ex
523 2504 560 2548 G
593 2507 663 2548 sed
696 2507 780 2549 alio
812 2507 964 2549 codicis
987 2506 1026 2548 V
1049 2507 1299 2564 apographo
1333 2507 1572 2550 derivatum
1605 2519 1695 2548 esse

191 2576 407 2631 ponimus;
441 2577 595 2620 mirum
627 2593 728 2621 sane
759 2593 902 2622 casum
926 2579 1191 2631 haberemus,
1223 2580 1256 2621 si
1291 2578 1328 2620 D
1352 2594 1403 2621 ex
1425 2577 1460 2620 G
1488 2577 1692 2620 fluxisset.

311 2659 459 2716 Neque
491 2662 629 2703 minus
662 2676 792 2718 grave
833 2666 1135 2718 argumentum
1169 2678 1311 2717 quam,
1343 2663 1454 2718 quod
1494 2662 1558 2703 his
1591 2662 1692 2704 locis

192 2732 452 2784 continetur,
485 2734 683 2775 videntur
713 2735 918 2788 praebere
949 2735 1112 2788 priscae
1136 2737 1356 2778 verborum
1381 2735 1552 2787 formae,
1586 2747 1694 2788 quae
