1950 3256
982 220 1040 265 63

258 341 303 387 in
340 339 382 397 D
422 340 650 386 habentur.
718 339 906 393 Quarum
945 357 967 385 e
1007 355 1182 384 numero
1220 339 1408 396 primum
1451 355 1523 384 eas
1565 339 1756 391 afferam,

258 413 517 472 quaeret-in
547 412 589 455 D
620 417 665 457 et
696 414 742 457 in
774 413 810 457 Ο
842 412 1060 470 leguntur,
1093 427 1192 456 cnm
1221 413 1267 456 in
1297 411 1335 455 G
1366 427 1453 455 non
1487 415 1657 456 extent:

376 485 546 529 Primus
584 486 700 529 locus
729 488 797 529 est
826 485 872 528 in
902 484 1090 528 carmine
1125 485 1174 535 1,
1215 484 1333 527 cuius
1365 485 1408 526 in
1439 485 1525 528 fine
1564 483 1761 544 Catullus

258 559 410 615 optare
439 572 485 601 se
513 558 756 613 profitetur,
787 560 839 601 ut
870 556 1110 600 carminum
1140 570 1313 600 suorum
1346 556 1520 600 libellus

473 631 572 673 Plus
600 646 681 674 uno
711 635 875 674 maneat
905 643 1133 684 peremne
1165 631 1316 671 saeclo.

262 702 455 745 Peremne
493 701 554 745 ibi
590 703 635 745 in
665 702 708 745 V
738 703 947 758 scriptum
984 700 1115 743 fuisse
1150 715 1229 757 pro
1261 702 1378 743 certo
1410 699 1630 743 affirmare
1659 700 1762 743 licet

258 776 487 830 propterea
517 774 630 830 quod
660 775 705 817 in
737 774 774 817 Ο
805 776 927 817 extat
957 770 1071 827 per-E
1103 772 1132 817 i.
1164 788 1200 816 e.
1231 775 1426 827 per-imae.
1478 771 1531 815 In
1554 771 1593 814 D
1615 775 1759 815 autem

257 860 448 902 peremne
502 860 586 888 non
631 848 715 890 nisi
760 862 813 890 ex
854 844 896 886 V
932 845 1118 887 transire
1164 847 1356 900 poterat,
1406 859 1506 888 nam
1553 844 1589 887 G
1629 846 1762 889 habet

263 933 455 972 perenne.

381 989 479 1042 35‚1
496 989 523 1031 8

473 1063 630 1115 Mayna
664 1060 842 1101 Caecilio
872 1061 1112 1102 incohata
1142 1067 1286 1103 mater.

381 1131 561 1175 Veteres
592 1146 690 1174 usos
721 1145 812 1173 esse
841 1131 922 1173 hac
943 1131 1081 1174 forma.
1101 1135 1295 1175 incohata
1315 1132 1469 1175 scimus
1492 1136 1537 1176 et
1560 1149 1612 1176 ex
1633 1133 1761 1177 Gellii

261 1204 507 1248 testimonio
560 1203 684 1259 (11‚3)
732 1207 776 1244 et
823 1217 874 1245 ex
920 1203 1109 1259 antiquis
1160 1205 1418 1260 scriptorum
1470 1203 1759 1248 Romanorum

259 1275 484 1320 codicibus.
547 1274 599 1318 In
642 1273 683 1316 V
722 1290 814 1318 eam
861 1278 1082 1318 exaratam
1119 1276 1248 1319 fuisse
1284 1275 1505 1332 colligitur
1543 1292 1596 1320 ex
1638 1278 1760 1320 testi-

258 1348 402 1391 monio
439 1347 592 1390 codicis
632 1346 682 1390 Ο.
750 1346 974 1390 Praeterea
1010 1348 1054 1390 in
1095 1363 1134 1390 v·
1179 1349 1232 1391 13
1274 1347 1400 1391 huius
1431 1349 1633 1391 carminis
1668 1365 1760 1393 cor·

259 1422 436 1475 ruptum
474 1417 581 1460 illud
619 1420 848 1461 indotatam
886 1418 977 1461 sine
1014 1419 1142 1462 dubio
1180 1423 1323 1463 ortum
1359 1422 1426 1463 est
1464 1434 1513 1462 ex
1545 1421 1759 1477 scriptura

257 1493 506 1542 incohatam,
546 1505 632 1533 non
670 1493 916 1534 inchoatam.
979 1491 1119 1542 Quare
1156 1490 1288 1533 etiam
1327 1491 1372 1532 in
1406 1489 1444 1532 D
1480 1494 1676 1535 incohata
1708 1509 1760 1536 ex

259 1561 302 1605 V
331 1562 551 1606 transiisse
590 1563 857 1618 putabimus,
893 1578 979 1606 non
1016 1578 1116 1606 casu
1152 1565 1295 1605 ortum
1327 1577 1417 1605 esse
1449 1577 1502 1606 ex
1533 1565 1688 1609 codicis
1723 1565 1760 1607 G

259 1634 473 1690 scriptura
503 1636 713 1678 inchoata.

379 1705 499 1749 Idem
544 1705 815 1749 iudicandum
860 1706 1029 1749 videtur
1067 1707 1118 1750 de
1164 1707 1223 1749 eis
1270 1707 1385 1760 locis,
1434 1707 1587 1762 quibus
1634 1708 1678 1750 in
1722 1708 1760 1750 D

259 1777 445 1820 habetur
486 1791 580 1832 pos
593 1780 778 1833 quam,v
805 1780 849 1820 et
896 1777 934 1820 G
978 1781 1023 1820 et
1068 1778 1219 1822 ceteris
1265 1779 1476 1821 codicibus
1520 1786 1760 1835 postquam:

264 1848 406 1900 1133.
445 1848 771 1901 64‚303.84‚11.
833 1849 946 1893 Illud
986 1852 1100 1894 enim
1137 1852 1181 1893 in
1227 1851 1309 1893 hac
1354 1865 1400 1893 re
1446 1851 1759 1909 neglegendum

258 1935 346 1963 non
397 1922 482 1972 est,
535 1921 647 1976 quod
700 1922 745 1963 in
791 1920 828 1964 Ο
870 1929 964 1976 post
1008 1922 1223 1966 interdum
1269 1923 1517 1979 compendio
1563 1923 1758 1967 adhibito

259 1992 319 2035 sic
382 1994 412 2047 ἵ)
478 1994 686 2048 scriptum
748 1995 835 2035 est:
914 1995 1302 2046 64‚303‚396.67‚6
1354 2002 1591 2049 postquam,
1658 1996 1759 2047 84‚9

258 2066 448 2119 postilla,
497 2065 776 2117 64‚278‚322.
824 2065 956 2117 66‚80
1000 2074 1107 2122 post.
1169 2067 1289 2117 Quod
1327 2067 1622 2122 compendium
1661 2083 1757 2110 cum

258 2150 338 2191 pro
374 2151 424 2178 us
459 2137 563 2192 poni
599 2137 756 2189 soleat,
795 2137 847 2180 cf.
878 2138 1032 2181 Baehr.
1066 2155 1167 2183 ann.
1198 2140 1296 2183 crit.
1328 2139 1381 2181 ad
1414 2138 1559 2190 64,11‚
1589 2139 1698 2183 illud
1725 2141 1759 2195 Ῐί

258 2223 344 2252 non
388 2214 482 2263 post
527 2208 599 2250 sed
645 2223 722 2263 pos
767 2209 1066 2264 explicandum
1112 2213 1178 2254 est
1217 2214 1261 2252 et
1299 2210 1540 2266 ponendum
1581 2214 1647 2253 est
1677 2212 1757 2255 hoc

259 2280 398 2335 ipsum
438 2279 483 2321 in
514 2278 555 2321 V
593 2283 819 2322 exaratum
855 2281 984 2324 fuisse
1022 2285 1152 2338 atque
1191 2297 1244 2325 ex
1280 2283 1361 2325 hoc
1391 2284 1484 2324 tum
1516 2282 1561 2324 in
1593 2282 1630 2326 Ο
1662 2286 1757 2326 tum

258 2351 305 2393 in
337 2350 375 2393 D
406 2350 715 2406 transcriptum
746 2366 848 2394 esse.
896 2351 935 2395 G
966 2355 1077 2396 enim
1108 2353 1264 2409 ubique
1293 2361 1512 2410 postquam
1533 2357 1578 2397 et
1597 2356 1758 2399 similia

259 2422 449 2464 exhibet.
511 2420 696 2464 Videtur
734 2426 966 2481 autemut
1010 2425 1089 2468 hoc
1126 2426 1276 2468 addam
1314 2428 1607 2482 compendium
1644 2429 1754 2484 quod

260 2493 304 2536 in
327 2492 364 2536 Ο
395 2496 518 2536 extat
549 2493 659 2536 idem
690 2509 779 2538 esse
810 2499 940 2551 atque
963 2496 1083 2548 illud,
1115 2497 1227 2553 quod
1248 2498 1291 2540 in
1312 2498 1525 2541 codicibus
1546 2499 1757 2544 Plautinis

260 2563 581 2612 habemus—’,in
611 2565 668 2619 p’‚
708 2567 762 2609 cf.
794 2566 975 2611 Ritschl.
1007 2583 1151 2625 opusc.
1185 2569 1247 2626 (II
1278 2569 1400 2627 549),
1441 2572 1521 2614 nisi
1558 2572 1670 2627 quod
1701 2574 1757 2616 ab

260 2636 357 2679 aliis
388 2636 574 2679 librariis
604 2638 751 2692 paullo
782 2639 911 2681 aliter
940 2639 1174 2684 formatum
1204 2645 1282 2686 est.

380 2707 574 2763 Denique
622 2710 783 2761 6432ss
826 2710 862 2752 D
907 2726 1003 2754 cum
1051 2713 1111 2754 eis
1152 2713 1273 2755 libris
1311 2714 1416 2757 facit
1454 2716 1528 2770 qui
1563 2724 1757 2760 secuntur

261 2778 467 2822 exhibent
497 2779 679 2831 BLa¹O‚
712 2797 807 2824 cnm
830 2785 875 2826 in
898 2783 932 2826 G
957 2787 1001 2826 et
1021 2785 1174 2827 ceteris
1195 2789 1418 2828 exaratum
1441 2788 1497 2829 sit
1517 2796 1755 2843 sequuntur,

261 2850 315 2892 cf.
350 2866 390 2894 v.
423 2851 569 2903 63‚34.
