1950 3256
1012 191 1066 236 21

295 313 333 357 O
360 311 582 366 exhibent,
628 312 791 369 aliquid
828 312 1036 368 expiscari
1075 311 1249 354 studens
1286 326 1366 367 pro
1405 313 1581 354 velatum
1620 311 1792 367 scripsit

292 387 493 428 vallatum
520 380 702 438 64s2‘93:

513 459 755 500 Vestibulum
786 464 829 499 ut
860 458 968 498 molli
997 457 1202 498 velatum
1230 457 1380 509 fronde
1405 458 1568 497 vireret.

323 525 336 535 “
383 529 533 573 Talem
564 528 827 572 Lachmauni
859 528 959 570 libri
997 527 1111 569 hunc
1141 541 1310 569 versum
1340 528 1579 578 testantur,
1619 527 1664 569 in
1695 525 1732 568 G
1764 541 1790 569 a

295 616 351 645 m.
383 617 447 657 pr.
470 595 660 644 vellatum
692 603 913 643 exaratum
946 602 1024 650 est,
1056 615 1082 642 a
1102 601 1338 642 correctore
1358 600 1545 642 alterum
1566 601 1581 642 l
1600 613 1788 649 erasum;

291 675 482 716 vellatum
519 669 667 715 littera
706 675 721 713 1
757 671 986 727 dupliciter
1030 671 1191 726 scripta
1230 673 1454 726 praeterea
1492 673 1615 714 extat
1652 672 1696 713 in
1737 671 1787 715 Ο.

291 744 462 807 Duplex
500 745 614 788 enim
653 747 667 786 l
705 744 835 787 habet
872 743 1197 799 explicationem
1238 757 1359 785 suam
1397 757 1450 784 ex
1486 743 1788 786 consuetudine

290 815 380 868 illa,
402 832 488 872 qua
509 818 551 859 iu
574 817 810 871 archetypo
833 830 912 858 nou
937 816 1074 858 solum
1096 829 1298 858 consonas
1320 814 1549 870 dupliciter
1569 815 1787 871 ponendas

290 886 420 928 semel
451 889 623 930 tautum
655 888 835 942 scriptas
868 886 938 942 (cf.
962 886 1270 930 Baehrensium
1301 903 1343 943 p.
1366 885 1519 943 XLV),
1551 888 1624 930 sed
1655 887 1785 930 etiam

290 959 419 1001 semel
451 960 665 1014 ponendas
697 959 937 1015 duplicatas
969 973 1058 1001 esse
1085 959 1237 1001 scimus
1259 958 1319 1013 (4,
1344 959 1382 1000 1.
1409 958 1478 1002 10.
1503 957 1559 999 15
1578 959 1788 1012 phasellus

294 1030 364 1081 17,
395 1030 438 1074 4.
470 1030 572 1082 28,9
610 1034 809 1086 suppinus
839 1030 941 1082 28‚8
980 1030 1128 1084 reffero
1158 1030 1291 1083 2923
1317 1032 1651 1084 oppulenlt'ssime
1683 1030 1786 1082 372

288 1091 481 1158 pilleatis*
504 1103 636 1155 61,92
669 1103 763 1160 (88)
804 1105 950 1146 ortullo
982 1103 1302 1160 61‚168‘(161)
1339 1104 1540 1153 rassilem,
1578 1101 1703 1158 alia);
1742 1104 1786 1144 et

290 1175 488 1218 firmatur
522 1176 689 1218 velandi
723 1176 897 1219 verbum
929 1174 996 1217 his
1027 1174 1129 1217 locis
1161 1174 1282 1219 ovid.
1314 1173 1443 1216 Trist.
1476 1172 1541 1216 IV
1571 1173 1664 1226 2,3:

502 1249 677 1304 Altaque
708 1251 939 1291 velentur
967 1250 1148 1302 fortasse
1182 1249 1346 1290 Palatia
1374 1249 1531 1290 sertis

287 1320 333 1362 et
364 1318 495 1376 Verg.
527 1319 635 1365 Aen.
658 1321 705 1364 II
733 1321 821 1364 248
843 1335 926 1375 sq.:

504 1394 589 1435 Nos
620 1393 793 1434 delubra
822 1386 942 1435 ileum
971 1394 1121 1443 miseri,
1153 1393 1299 1446 quibus
1329 1393 1491 1434 ultimus
1521 1398 1625 1434 esset

501 1466 576 1507 Ille
606 1466 708 1515 dies,
739 1467 848 1519 festa
878 1467 1104 1507 velamus
1134 1465 1318 1518 fronde
1345 1479 1423 1519 per
1453 1465 1606 1507 urbem.

411 1535 606 1580 Vidimus
636 1536 969 1579 correctionibus
1002 1537 1165 1580 nullam
1197 1537 1351 1579 bonam
1383 1537 1641 1594 scripturam
1672 1536 1719 1578 in
1746 1535 1783 1578 G

288 1609 456 1652 illatam
497 1623 605 1661 esse,
653 1623 762 1664 quae
807 1618 891 1651 nou
937 1608 981 1650 in
1019 1608 1059 1651 D
1097 1611 1141 1651 et
1178 1607 1214 1649 L
1253 1610 1387 1652 extet.
1453 1606 1603 1664 Neque
1645 1609 1784 1651 multo

288 1681 423 1724 maior
460 1683 526 1723 est
564 1681 747 1731 fructus,
785 1695 910 1736 quem
948 1696 1000 1723 ex
1030 1680 1254 1736 scripturis
1285 1680 1524 1736 duplicibus
1554 1680 1610 1724 ad
1640 1695 1784 1723 emen-

289 1753 474 1796 dandum
496 1755 659 1795 textum
683 1754 892 1808 capimus;
913 1767 1070 1808 parvus
1091 1750 1158 1795 est
1177 1767 1378 1795 numerus
1398 1768 1543 1796 earum
1560 1754 1783 1805 bonarum,

288 1840 398 1880 quae
428 1826 597 1881 quidem
628 1825 900 1868 Lachmanno
932 1839 984 1867 ex
1015 1824 1054 1866 D
1085 1827 1131 1867 et
1160 1824 1196 1866 L
1227 1825 1413 1867 nondum
1449 1827 1577 1868 notae
1607 1825 1782 1868 fuerint.

289 1895 394 1939 Plus
427 1898 540 1939 enim
579 1897 802 1953 octoginta
841 1898 885 1938 in
917 1896 954 1939 G
992 1912 1087 1940 cum
1125 1899 1286 1942 extent,
1305 1896 1495 1952 duplices
1531 1897 1783 1953 scripturae,

290 1967 327 2010 si
356 1981 426 2009 eos
457 1969 672 2024 exceperis
702 1969 827 2021 locos,
859 1969 1013 2024 quibus
1036 1971 1220 2025 utraque
1241 1969 1351 2013 falsa
1371 1972 1450 2021 est,
1481 1969 1579 2025 plus
1600 1969 1783 2024 quadra-

291 2039 414 2096 ginta
444 2041 548 2098 locis
579 2056 649 2093 ea,
689 2056 797 2097 quae
834 2041 948 2084 inter
979 2056 1125 2085 versus
1156 2041 1373 2098 adscripta
1403 2043 1481 2093 est,
1514 2056 1635 2093 vera,
1675 2056 1785 2097 quae

290 2111 334 2153 in
366 2114 491 2154 textu
522 2117 711 2164 exarata,
742 2113 851 2157 falsa
882 2116 966 2164 est;
999 2115 1088 2157 fere
1120 2115 1276 2170 viginti
1307 2114 1410 2157 locis
1442 2115 1554 2170 quod
1584 2115 1630 2157 in
1661 2117 1785 2156 textu

289 2187 410 2226 extat
441 2199 600 2237 verum,
633 2185 745 2240 quod
776 2185 891 2228 inter
923 2201 1067 2228 versus
1098 2186 1376 2242 depravatum
1408 2189 1494 2237 est;
1525 2187 1571 2229 in
1602 2189 1785 2241 utroque

286 2257 430 2298 autem
463 2255 648 2298 locorum
681 2257 829 2300 ordine
860 2259 1066 2312 quattuor
1098 2260 1268 2300 tantum
1299 2260 1422 2309 sunt,
1461 2258 1614 2313 quibus
1646 2258 1785 2300 Lach-

291 2327 439 2370 manni
475 2327 574 2369 libri
613 2329 764 2371 falsam
804 2331 1058 2385 scripturam
1097 2330 1317 2386 praebent.
1381 2330 1526 2386 Atque
1562 2331 1606 2372 in
1643 2331 1786 2387 priore

287 2399 455 2454 quidem
488 2399 552 2442 hi:

409 2471 539 2524 28,11

501 2545 597 2595 Sed,
630 2550 824 2599 quantum
855 2545 986 2596 video,
1015 2547 1130 2598 pari
1159 2548 1297 2600 fuistis

504 2615 639 2658 Casu.

410 2686 450 2730 D
486 2690 529 2730 et
551 2686 586 2728 L
614 2688 818 2730 exhibent
836 2703 1000 2744 parum,
1032 2689 1118 2732 La²
1145 2693 1188 2732 et
1211 2689 1247 2733 Ο
1265 2693 1376 2745 pari,
1410 2689 1445 2732 G
1464 2705 1616 2746 parum
1638 2705 1790 2745 supra-

295 2760 454 2815 scripto
486 2763 529 2802 al
555 2763 666 2816 pari.
728 2759 836 2803 Item
870 2776 969 2804 casu
1007 2766 1122 2807 recte
1153 2764 1196 2805 in
1228 2762 1264 2805 G
1298 2765 1341 2806 et
1373 2762 1409 2806 Ο
1440 2767 1582 2816 extat,
1623 2777 1717 2804 cum
1748 2766 1788 2808 D

285 2845 438 2884 casum,
474 2831 510 2874 L
542 2847 663 2876 casus
694 2833 912 2888 praebeat.
