1950 3256
1021 234 1075 278 75

302 362 469 403 mutare
500 359 654 402 solent.
714 357 914 401 Eiusdem
953 357 1118 414 generis
1151 356 1195 398 in
1229 354 1389 398 Catulli
1421 353 1633 398 codicibus
1666 352 1818 403 habes

303 431 425 477 hfse‘cz‘
457 428 590 481 ‘1215
612 433 767 473 muneri
798 443 876 485 pro
908 431 1076 478 muneri,
1110 427 1240 479 6124
1264 429 1462 469 landricum
1483 440 1562 481 pro
1582 427 1796 474 ludicrum,

303 502 405 551 5⁷2
436 517 641 546 murmure
658 515 734 557 pro
753 503 991 543 Mamurrae
1008 500 1136 551 25‚11
1161 501 1294 542 insula
1315 513 1392 554 pro
1409 501 1546 541 inusta
1562 495 1797 549 64‚54.253

303 576 483 618 adriana
527 588 604 629 pro
637 575 840 616 Ariadna.
902 572 1081 627 Aliquot
1117 571 1220 614 locis
1257 587 1282 613 a
1319 570 1479 613 Datani
1519 567 1696 611 librario
1727 582 1798 622 sy-

302 660 489 701 nonyma
520 645 695 689 confusa
727 647 840 696 suut,
873 643 1007 686 veluti
1040 643 1143 695 3o‚4
1171 645 1359 696 improba
1392 646 1435 684 et
1465 643 1604 695 impia,
1638 639 1795 692 64‚391

303 719 542 761 bacchantis
563 720 607 759 et
635 720 805 769 euantis,
838 715 969 767 68‚76
993 717 1246 758 conciliasset
1267 718 1310 757 et
1331 715 1604 769 pacificasset,
1638 711 1799 763 68‚102

229 803 235 808 ·
304 792 403 832 deos
433 792 478 831 et
507 791 635 843 focos.
691 789 752 831 At
785 788 884 831 hinc
917 788 958 829 id
991 801 1076 829 non
1109 785 1308 837 efficitur,
1340 784 1452 841 quod
1484 783 1659 826 Ellisius
1691 783 1798 833 vult,

303 860 486 904 codicem
521 860 559 902 D
591 875 641 902 ex
674 860 916 916 antiquiore
947 858 1100 902 codicis
1123 856 1162 899 V
1195 857 1444 914 apographo
1476 869 1605 911 quam
1636 860 1799 898 ceteros

303 932 563 989 descriptum
596 948 696 977 esse.
745 932 856 974 Hinc
888 932 998 974 enim
1031 929 1137 972 illud
1171 933 1340 972 tantum
1375 930 1556 985 apparet
1575 926 1799 969 librarium

303 1018 390 1048 non
435 1005 605 1060 singula
646 1005 773 1047 verba
812 1003 883 1046 sed
929 1006 1044 1045 totos
1086 1015 1231 1044 versus
1262 1004 1438 1056 totaque
1470 998 1697 1043 enunciata
1729 997 1801 1039 de-

304 1075 533 1131 scripsisse.
596 1075 829 1130 Eidemque
874 1073 1137 1117 describendi
1182 1073 1327 1128 generi
1374 1072 1480 1114 illud
1527 1069 1799 1113 tribuendum

305 1150 384 1199 est,
417 1146 530 1203 quod
564 1149 693 1191 verba
724 1147 986 1202 syllabarum
1022 1159 1195 1187 numero
1227 1147 1357 1199 atque
1388 1143 1574 1200 pondere
1605 1142 1728 1198 paria
1759 1143 1802 1183 et

303 1219 502 1262 similiter
551 1219 749 1268 sonantia
806 1221 1129 1274 permutantur:
1197 1217 1327 1261 6524
1379 1218 1516 1271 pudor
1566 1218 1609 1257 et
1661 1215 1800 1263 rubor,

306 1291 467 1342 64‚279
502 1294 663 1334 celestia
690 1295 734 1334 et
754 1293 973 1340 silvestria,
1007 1289 1168 1339 64,369
1189 1303 1440 1344 procurrens
1461 1292 1506 1330 et
1525 1287 1801 1330 succumbens.

304 1363 561 1414 Quibuscum
595 1366 695 1419 apte
734 1362 934 1405 videntur
967 1362 1071 1404 haec
1103 1376 1155 1404 ex
1186 1361 1282 1403 aliis
1314 1360 1566 1416 quibusdam
1599 1359 1666 1401 vel
1700 1357 1831 1400 adeo
1865 1375 1868 1377 ’

303 1450 356 1478 ex
387 1435 581 1477 omnibus
615 1433 777 1477 Catulli
807 1433 1029 1476 codicibus
1061 1435 1254 1489 componi
1285 1445 1427 1488 posse:
1475 1431 1608 1481 64,92
1639 1437 1803 1486 pectore

303 1511 348 1550 et
381 1521 573 1561 corpore,
627 1506 788 1556 64‚106
829 1519 1000 1559 corpore
1032 1508 1075 1548 et
1118 1509 1286 1556 cortice,
1321 1504 1453 1556 35‚13
1491 1505 1720 1546 indotatam
1759 1504 1803 1544 et

304 1581 549 1631 incohatam,
583 1578 715 1629 66‚48
748 1579 906 1632 celicam
937 1580 981 1620 et·
1015 1579 1247 1634 Chalybum.
1316 1576 1507 1632 Denique
1543 1575 1654 1631 quod
1686 1574 1730 1615 in
1766 1573 1802 1615 D

305 1652 511 1707 scriptum
560 1654 625 1692 est
679 1650 840 1701 64‚314
886 1651 1076 1692 libratum
1130 1654 1247 1693 tereti
1297 1651 1475 1692 librabat
1525 1650 1676 1690 vertice
1726 1661 1804 1702 pro

305 1725 498 1766 libratum
529 1725 645 1765 tereti
676 1723 869 1764 versabat
901 1723 1071 1773 turbine,
1106 1722 1350 1765 conferatur
1383 1721 1530 1774 6211,
1561 1719 1635 1762 ubi
1666 1720 1804 1773 facilis

307 1796 454 1838 nobilis
484 1794 528 1837 in
550 1794 754 1837 Thuaneo
787 1794 991 1849 scriptum
1025 1796 1089 1835 est
1120 1806 1197 1848 pro
1228 1794 1366 1845 facilis
1386 1794 1521 1842 nobis;
1555 1794 1598 1833 et
1619 1790 1804 1833 eiusdem

305 1867 474 1923 generis
505 1871 606 1909 sunt
635 1880 687 1908 ex
718 1865 758 1907 D
791 1865 972 1917 64‚156:

524 1939 640 1989 Quae
649 1940 794 1993 Syrtis,
815 1953 921 1993 quae
931 1939 1067 1993 Scylla
1085 1953 1140 1980 ra
1148 1951 1175 1991 p
1185 1951 1212 1979 a
1222 1951 1253 1978 x
1262 1969 1274 1987 ‚
1291 1948 1397 1990 quae
1416 1949 1438 1975 r
1448 1947 1508 1988 ap
1518 1942 1567 1977 ta
1579 1936 1806 1990 Charybdis

306 2026 383 2067 pro

523 2083 639 2133 Quae
650 2083 910 2137 Syrtis,quae
921 2083 1057 2136 Scylla
1075 2092 1261 2133 rapax,
1280 2092 1385 2132 quae
1402 2085 1547 2120 vasta
1565 2079 1809 2133 Charybdis,

308 2160 352 2197 et
383 2154 539 2205 64‚11:
587 2148 765 2196 rudem
811 2168 931 2196 cursu
978 2156 1114 2206 prima
1160 2153 1315 2193 rudiae‘t
1353 2165 1430 2206 pro
1471 2153 1637 2192 rudem
1684 2165 1806 2192 cursu

306 2230 443 2281 prima
472 2228 669 2276 imbuit,
712 2239 820 2280 quae
859 2225 1103 2281 corruptela
1145 2224 1214 2266 vel
1245 2223 1487 2278 nuperrime
1519 2222 1630 2264 viros
1662 2221 1806 2265 doctos

309 2298 509 2342 mirificas
541 2298 594 2340 ad
628 2296 928 2340 hariolationes
963 2297 1154 2352 pellexit.

427 2369 508 2413 Sed
540 2371 667 2412 finem
702 2369 769 2412 hic
800 2369 939 2412 facere
972 2369 1072 2412 licet
1095 2366 1342 2423 disput-andi
1367 2369 1410 2408 et
1432 2380 1540 2421 quae
1562 2365 1613 2408 de
1634 2364 1807 2408 Datano

308 2441 579 2484 disseruimus
618 2441 805 2484 breviter
840 2440 1207 2496 comprehendere.
1273 2437 1368 2480 Non
1402 2438 1523 2480 nobis
1556 2437 1633 2479 visi
1664 2451 1806 2479 sumus

309 2511 536 2568 astipulari
567 2527 688 2568 posse
722 2512 995 2563 Baehrensm,
1035 2511 1109 2567 qui
1142 2510 1362 2554 Datauum
1395 2517 1443 2551 ut
1475 2511 1637 2551 ceteros
1677 2508 1807 2551 libros

309 2598 361 2626 ex
392 2583 532 2627 codice
563 2584 600 2627 G
638 2585 876 2628 derivatum
915 2598 1093 2639 eamque
1141 2583 1195 2625 ob
1234 2596 1405 2626 causam
1444 2594 1616 2638 prorsus
1648 2579 1808 2622 nullius

310 2655 439 2711 pretii
487 2655 729 2699 habendum
777 2669 868 2698 esse
905 2658 1068 2706 censet3
1115 2655 1244 2697 immo
1282 2653 1504 2695 Datanum
1543 2666 1620 2694 sua.
1659 2651 1727 2692 via
1759 2665 1807 2693 ac

309 2727 475 2770 ratione
522 2727 574 2770 ad
619 2725 862 2770 Veronense
913 2726 1175 2782 archetypon
1229 2725 1364 2768 redire
1410 2728 1541 2778 atque
1587 2737 1671 2765 non
1718 2722 1807 2764 sine

308 2798 452 2842 fructu
491 2799 532 2840 iu
573 2797 838 2842 recensendis
875 2798 1035 2842 Catulli
1074 2798 1333 2842 carminibus
1370 2796 1564 2839 adhiberi
1604 2794 1804 2844 vidimus;

310 2872 423 2912 recte
454 2869 589 2928 igitur
624 2869 919 2914 Lachmannus
958 2870 1079 2922 fecit,
1122 2870 1233 2926 quod
1265 2869 1419 2911 librum
1453 2868 1575 2910 illum
1608 2867 1653 2910 in
1686 2881 1806 2909 usum
