1950 3256
1008 179 1033 222 7

273 296 504 340 υὲίιιίιιιο
543 295 761 339 affirmet?
795 295 944 345 fflNihil
982 301 1060 350 est,
1100 313 1184 354 quo
1217 297 1535 342 Lachmannum
1575 302 1774 356 putemus

272 367 456 426 voluisse
492 367 536 410 id
573 367 733 411 ‘referre
772 373 945 424 praeter
984 383 1056 420 ea,
1102 384 1213 426 quae
1251 369 1295 412 in
1335 383 1457 412 versu
1497 371 1775 426 praecedente

272 437 508 486 habentur:
555 453 686 494 quare
716 441 799 480 iam
830 446 868 481 te
899 454 974 481 cur
1005 443 1180 495 amplius
1212 444 1437 495 excrucies,
1468 442 1573 485 haec
1604 443 1693 486 fere
1725 446 1776 486 ut

272 510 430 554 evadat
469 510 704 554 sententia:
751 511 854 566 quin
894 515 942 553 tu
973 512 1117 555 animo
1149 513 1339 556 affirmas
1371 516 1415 556 te
1446 513 1630 569 amplius
1661 514 1775 557 nolle

272 583 318 625 tc
349 583 623 625 excruciare?
684 581 821 632 Quam
860 585 1006 626 tamen
1046 585 1359 640 interpretandi
1392 585 1601 627 rationem
1636 586 1774 630 fateor

271 652 380 699 mihi
409 653 635 697 admodum
668 658 909 698 contortam
942 654 1075 697 videri
1107 656 1223 706 adeo,
1263 658 1313 696 ut
1345 654 1609 699 Lachmanni
1640 659 1775 714 scrip-

273 728 417 771 turam
463 739 608 769 veram
656 740 744 768 esse
790 726 896 770 mihi
941 727 1194 781 persuadere
1241 741 1459 782 nequeam.
1537 726 1631 771 Iam
1674 745 1775 773 vero

270 800 411 854 itaque
460 797 634 840 omnino
686 813 770 840 non
823 798 1008 841 habetur
1059 798 1103 840 in
1156 797 1296 849 libris,
1356 799 1428 841 sed
1479 814 1505 841 a
1557 798 1774 856 Scaligero

271 869 511 913 coniectum
533 874 619 921 est;
651 870 751 912 libri
773 875 941 925 praeter
966 869 1017 920 D,
1040 870 1084 911 in
1107 884 1189 925 quo
1211 884 1406 924 perverse
1429 877 1545 925 teque
1566 872 1773 927 scriptum

271 943 359 993 est,
400 942 454 986 ad
491 956 623 984 unum
662 956 810 984 omnes
850 949 971 997 alque
1011 941 1236 991 exhibent3
1283 955 1360 996 pro
1393 943 1583 995 affirmas
1613 948 1773 996 autem,

271 1013 385 1070 quod
425 1013 465 1056 D
505 1017 550 1056 ct
588 1013 623 1055 L
663 1028 758 1056 cum
798 1019 1035 1056 ceterorum
1076 1013 1350 1054 multitudiue
1389 1014 1619 1068 praebent,
1659 1015 1704 1057 in
1736 1014 1773 1057 G

272 1087 462 1141 offirmas
510 1085 672 1142 legitur
711 1099 891 1140 cumque
927 1083 960 1125 G
1003 1084 1217 1126 consentit
1254 1082 1303 1126 Ο.
1375 1083 1612 1128 Teneamus
1651 1093 1774 1142 alque

273 1161 319 1200 et
357 1172 411 1200 ex
447 1156 524 1199 GO
572 1156 849 1198 restituamus
894 1158 1101 1210 offirmas:
1154 1158 1317 1197 remota
1364 1159 1463 1197 suut
1508 1157 1774 1201 incommoda

271 1229 510 1284 scripturae
542 1227 916 1271 Lachmanniauae
955 1232 999 1269 et
1036 1242 1181 1270 veram
1222 1226 1374 1282 opinor
1410 1233 1562 1282 poetae
1600 1244 1772 1272 manum

272 1301 390 1344 nacti
419 1315 583 1343 sumus:

491 1373 598 1422 Quin
630 1377 673 1412 tu
707 1373 842 1413 animo
874 1373 1061 1425 offirmas
1093 1378 1215 1425 atquc
1244 1374 1363 1413 istinc
1394 1378 1510 1426 teque
1541 1373 1704 1415 reducis

558 1444 610 1484 Et
642 1445 729 1485 deis
758 1445 895 1485 invitis
926 1445 1076 1485 desinis
1107 1457 1192 1485 esse
1225 1446 1378 1485 miser?

274 1515 432 1559 Deleto
493 1515 553 1557 sic
612 1518 844 1566 commate,
926 1515 1038 1569 quod
1100 1515 1397 1557 Lachmanuus
1465 1516 1561 1569 post
1628 1529 1771 1557 vocem

271 1590 436 1637 reducis
472 1587 629 1643 posuit,
672 1586 918 1641 bipertitam
954 1587 1158 1630 habemus
1189 1588 1444 1639 orationem,
1484 1587 1604 1629 cuius
1634 1587 1773 1631 altera.

270 1675 372 1717 pars
403 1659 500 1702 inde
531 1674 557 1700 a
588 1658 802 1714 particula
835 1665 956 1713 atque
988 1659 1192 1714 iucipiens
1226 1674 1371 1701 rursus
1401 1660 1505 1702 duas
1528 1661 1672 1713 partes
1696 1675 1772 1715 per

270 1731 507 1788 particulas
552 1745 630 1786 que
675 1754 734 1760 —
779 1737 817 1772 et
862 1730 1109 1772 coniunctas
1154 1730 1359 1773 continet.
1436 1730 1580 1786 Atque
1625 1732 1770 1774 eadem

270 1804 438 1847 ratione
475 1801 723 1846 Schwabius
762 1802 898 1843 locum
936 1802 1189 1859 intellegere
1228 1802 1415 1852 videtur,
1462 1817 1557 1844 cum
1598 1801 1771 1858 Silligii,

270 1876 344 1933 qui
383 1874 559 1918 eandem
598 1888 726 1929 qnam
765 1888 841 1916 nos
879 1878 923 1915 et
962 1874 1033 1915 ille
1076 1873 1332 1929 scripturam
1371 1876 1538 1926 tuetur,
1585 1875 1772 1930 explica-

271 1947 433 1990 tionem
465 1947 571 1988 satis
603 1946 753 1988 miram
787 1946 1017 2001 vituperat.

390 2019 662 2074 Quapropter
699 2018 750 2060 de
787 2016 852 2058 his
892 2018 1081 2059 versibus
1119 2017 1198 2059 hoc
1237 2017 1330 2059 loco
1366 2017 1690 2073 disputavimus,
1722 2021 1772 2059 ut

271 2090 434 2135 codices
471 2089 510 2132 G
547 2094 591 2132 et
629 2088 666 2132 O
704 2089 948 2132 offirmandi
996 2089 1172 2130 verbum
1213 2091 1328 2131 recte
1366 2103 1554 2131 servasse
1598 2090 1771 2132 demon-

271 2166 519 2214 straremus»,
552 2162 593 2204 id
624 2163 672 2203 ut
692 2160 852 2203 viribus
877 2160 1036 2202 nostris
1058 2160 1180 2202 licuit
1199 2160 1436 2203 confectum
1460 2162 1539 2203 est.
1587 2159 1771 2203 Restant

272 2239 416 2279 autem
454 2235 582 2290 plura
619 2233 666 2275 in
707 2232 788 2274 hoc
827 2246 947 2274 versu
986 2232 1298 2275 controversiae
1331 2232 1518 2274 virorum
1551 2232 1770 2275 doctorum

272 2306 476 2356 obnoxia,
514 2320 637 2361 quae,
676 2318 934 2360 quamquam
969 2304 1020 2346 ad
1053 2318 1167 2354 eam,
1201 2318 1328 2359 quam
1360 2318 1437 2346 nos
1469 2304 1635 2360 agimus
1667 2317 1770 2354 rem,

274 2393 356 2422 nou
397 2379 636 2434 pertinent,
677 2391 764 2419 non
804 2375 1002 2417 videntur
1042 2375 1214 2418 silentio
1251 2374 1634 2430 praetermittenda
1670 2389 1770 2418 esse.

274 2449 558 2493 Baehrensius
597 2451 785 2503 offirmas
824 2447 992 2503 quidem
1030 2448 1249 2503 probavit,
1291 2447 1361 2489 sed
1402 2446 1664 2489 existimavit
1694 2462 1772 2502 pro

273 2526 411 2566 animo
456 2521 723 2565 scribendum
770 2534 859 2562 esse
905 2522 1095 2562 animum.
1164 2518 1222 2560 Et
1268 2518 1443 2574 ponitur
1489 2518 1548 2559 sic
1596 2519 1770 2560 verbum

273 2593 516 2637 offirmandi
549 2593 590 2634 vi
623 2592 872 2636 transitiva:
904 2590 1000 2635 Ter.
1031 2590 1166 2634 Haut.
1200 2589 1238 2630 V
1271 2590 1363 2641 5‚8:

488 2666 574 2719 Aqe
607 2679 773 2719 quaeso,
804 2679 854 2706 ne
885 2670 968 2706 tam
1001 2665 1168 2718 offirma
1199 2669 1250 2714 te,
1284 2663 1484 2704 Chremes.

274 2740 320 2781 et
353 2737 494 2781 Plaut.
527 2735 655 2779 Merc.
687 2735 710 2778 I
742 2735 864 2787 1‚81:

492 2810 541 2850 Ut
572 2810 749 2850 animum
782 2809 943 2861 offirmo
977 2821 1117 2847 meum.
