1950 3256
986 218 1036 260 11

261 335 365 380 libri
399 333 437 378 G
475 335 605 393 falsas
643 336 907 380 coniecturas
945 351 1035 380 esse
1079 338 1169 380 eius
1214 338 1289 394 qui
1331 338 1515 382 codicem
1553 338 1759 389 exaravit,

262 401 485 451 flori‘fion
503 398 660 463 potest,
692 408 794 463 quin
826 409 971 461 ceteri,
1005 424 1101 452 cum
1122 409 1211 452 fere
1232 410 1388 465 ubique
1409 425 1503 453 cum
1525 411 1762 453 correctore

261 478 366 522 libri
395 477 434 521 G
465 468 748 531 consentiant,
780 494 832 522 ex
864 479 943 523 hoc
975 481 1085 524 libro
1115 480 1331 525 fluxerint.
1380 480 1462 525 Sed
1492 482 1566 537 qui
1599 495 1762 524 correc-

263 551 402 595 tiones
446 551 548 594 libri
585 550 623 594 G
659 555 856 595 accurate
901 552 1202 607 perlustrabit,
1250 553 1288 595 ei
1334 553 1490 596 mirum
1536 552 1762 603 videbitur,

262 623 377 680 quod
407 622 694 666 Baehrensius
725 624 776 665 de
807 638 1004 679 perverso
1035 625 1284 667 correctoris
1314 625 1469 668 iudicio
1500 624 1623 674 dicit3
1660 638 1762 666 nam

263 695 303 739 ai
331 709 416 747 eas,
449 709 558 751 quae
590 695 643 737 ad
665 695 1020 752 orthographiam
1041 696 1276 751 pertinent,
1298 711 1476 739 nurnero
1497 696 1644 752 paullo
1665 696 1763 751 plus

264 767 491 824 sexaginta
521 767 775 818 omittimus,
808 770 974 809 restant
1004 767 1092 809 fere
1120 771 1291 810 centum
1312 769 1549 822 sexaginta,
1581 782 1764 823 quarum

262 838 391 895 longe
420 838 632 894 plurimae
670 843 841 881 centum
877 842 921 881 et
950 840 1137 895 quinque
1168 841 1314 895 procul
1347 840 1475 882 dubio
1506 853 1632 882 verae
1663 842 1765 880 sunt

264 913 310 954 et
340 925 446 967 quas
484 925 538 952 ne
574 911 663 966 ipse
701 911 870 966 quidem
904 911 1187 954 Baehrensius
1226 912 1416 967 potuerit
1446 926 1533 954 11011
1565 911 1608 952 in
1642 913 1765 953 textu

263 997 436 1039 ponere.
481 982 670 1034 Quarum
702 998 725 1024 e
756 997 931 1026 numero
962 984 1188 1039 sexaginta
1218 984 1320 1026 locis
1348 983 1455 1026 vitia
1476 983 1764 1039 corriguntur,

265 1069 376 1112 quae
406 1055 546 1098 scriba
568 1055 721 1097 codicis
742 1053 779 1097 G
801 1055 845 1097 in
868 1055 1140 1097 describendo
1162 1058 1284 1097 textu
1306 1055 1563 1098 commisisse
1582 1055 1765 1106 videtur,

267 1126 363 1170 cum
395 1126 433 1171 O
464 1141 610 1169 veram
642 1126 897 1182 scripturam
929 1127 1149 1182 praebeat.
1196 1126 1300 1170 Inde
1321 1128 1470 1184 igitur,
1502 1127 1615 1182 quod
1636 1126 1767 1169 ceteri

265 1199 368 1243 libri
398 1213 495 1241 cum
526 1197 587 1240 G·
615 1201 659 1240 et
691 1197 728 1241 Ο
758 1199 1046 1251 consentiunt,
1077 1214 1162 1242 non
1194 1200 1387 1255 sequitur
1419 1214 1488 1242 eos
1520 1214 1572 1241 ex
1599 1198 1650 1250 G,
1682 1213 1766 1241 non

267 1269 309 1314 V
339 1270 524 1314 fluxisse.
587 1268 749 1312 Ceteris
786 1269 889 1313 locis
926 1271 1214 1327 quadraginta
1250 1272 1437 1326 quinque
1480 1271 1573 1314 fieri
1611 1274 1767 1327 potest,

266 1346 316 1386 ut
353 1342 480 1395 vitia,
527 1356 637 1398 quae
682 1342 727 1383 in
766 1340 803 1383 G
843 1358 869 1385 a
907 1348 1144 1386 correctore
1180 1343 1479 1396 emendantur,
1524 1342 1610 1386 iam
1650 1343 1694 1385 in
1726 1341 1767 1384 V

266 1415 446 1466 fuerint,
487 1429 583 1457 cum
620 1414 667 1457 in
699 1413 736 1457 Ο
774 1415 921 1457 eadem
959 1416 1203 1469 corruptela
1241 1419 1371 1470 atque
1411 1430 1436 1457 a
1467 1415 1607 1471 prima
1637 1430 1767 1459 manu

266 1487 311 1530 in
342 1486 382 1530 G
411 1489 542 1530 extet.
606 1485 665 1528 Et
702 1486 768 1528 his
808 1487 978 1541 quidem
1017 1501 1069 1529 ex
1108 1487 1211 1530 locis
1249 1487 1396 1543 colligi
1432 1490 1575 1543 potest
1606 1491 1768 1531 ceteros

265 1559 399 1602 libros
437 1573 490 1600 ex
520 1558 557 1600 G
594 1559 828 1614 descriptos
866 1573 973 1609 esse,
1022 1558 1227 1614 siqnidem
1273 1562 1443 1603 constat
1485 1563 1767 1603 correctorem

265 1631 368 1673 libri
404 1630 442 1673 G
480 1646 534 1673 ex
571 1646 646 1673 suo
684 1630 858 1687 ingenio
895 1631 1140 1675 correxisse.
1203 1630 1387 1674 Restant
1425 1632 1511 1674 iam
1557 1633 1769 1688 quinqua-

265 1703 392 1759 ginta
429 1703 616 1758 quinque
654 1703 755 1753 loci,
793 1703 947 1757 quibus
985 1702 1027 1744 id
1058 1702 1171 1758 quod
1202 1707 1415 1746 corrector
1449 1704 1591 1746 effecit
1620 1719 1768 1746 verum

267 1788 353 1817 non
388 1777 467 1817 est.
531 1773 590 1815 Et
635 1776 737 1816 sunt
783 1775 915 1816 etiam
947 1775 1061 1816 inter
1100 1774 1192 1825 hos,
1232 1789 1284 1817 ex
1320 1775 1475 1830 quibus
1513 1776 1624 1818 idem
1661 1775 1770 1818 illud

267 1846 412 1904 colligi
452 1848 615 1901 potest,
667 1846 699 1887 ii
737 1846 918 1897 scilicet,
973 1847 1127 1902 quibus
1173 1845 1235 1888 G’
1273 1850 1317 1888 et
1354 1847 1485 1889 ceteri
1528 1852 1700 1903 praeter
1733 1846 1770 1891 Ο

265 1933 487 1974 perversas
532 1917 797 1962 coniecturas
841 1919 1070 1973 praebent,
1117 1918 1176 1960 G¹
1217 1922 1261 1961 et
1300 1918 1336 1962 Ο
1375 1925 1452 1962 aut
1498 1935 1645 1962 verum
1693 1922 1770 1962 aut

266 1990 526 2045 scripturam
564 1992 811 2044 corruptam
851 1991 1021 2044 quidem
1060 1991 1132 2033 sed
1171 1992 1345 2046 propius
1378 1991 1431 2034 ad
1475 2007 1621 2034 verum
1653 2006 1770 2034 acce-

267 2063 452 2106 dentem.
521 2060 602 2105 Sed
642 2064 787 2104 tamen
829 2066 895 2102 est
933 2061 1114 2117 aliquid,
1154 2064 1267 2117 qnod
1305 2069 1470 2117 monet,
1521 2079 1571 2107 ne
1610 2069 1770 2105 temere

267 2133 575 2177 Baehrensium
628 2134 690 2175 ita
741 2132 1018 2188 colligentem
1064 2148 1306 2189 sequamur.
1384 2136 1464 2186 Qui
1512 2136 1770 2190 apparatum

266 2206 463 2250 criticum
503 2205 761 2247 Ellisiannm
805 2205 1155 2259 perlustraverit,
1204 2208 1309 2249 sciet
1348 2223 1431 2250 non
1473 2222 1570 2250 raro
1609 2206 1770 2248 codices

266 2280 440 2333 praeter
477 2277 514 2319 G
553 2281 596 2319 et
628 2276 664 2319 Ο
702 2277 748 2319 in
787 2276 974 2318 diversas
1012 2281 1156 2332 partes
1196 2279 1427 2330 discedere,
1467 2283 1635 2335 partem
1674 2292 1770 2320 cum

268 2348 350 2400 θ’,
398 2352 566 2404 partem
612 2363 708 2391 cum
748 2347 807 2390 G¹
848 2351 892 2389 et
924 2347 959 2390 O
1000 2348 1150 2392 facere.
1212 2350 1335 2393 Unde
1382 2352 1553 2394 tandem
1602 2351 1647 2392 in
1693 2350 1771 2391 hos

268 2421 402 2464 libros
432 2420 629 2476 pervenit
659 2420 885 2474 scriptura,
917 2436 1026 2476 quae
1058 2426 1158 2464 ante
1188 2424 1491 2466 correctionem
1523 2424 1568 2464 in
1591 2420 1627 2462 G
1662 2420 1771 2462 fuit?

267 2491 417 2537 Potest
454 2491 623 2548 quidem
662 2495 780 2534 certo
818 2507 995 2535 numero
1031 2494 1220 2536 locorum
1260 2495 1397 2538 adhuc
1433 2494 1637 2550 dignosci,
1669 2492 1771 2548 quid

268 2562 328 2606 G¹
368 2564 606 2619 scripserit,
646 2563 716 2606 sed
756 2578 883 2619 aegre
917 2567 1108 2616 tantum;
1148 2581 1274 2621 saepe
1305 2569 1448 2609 autem
1481 2565 1567 2622 legi
1599 2564 1770 2607 omnino

268 2650 351 2679 non
383 2638 528 2692 potest
559 2635 706 2690 (39‚11
743 2642 927 2678 etruscus
957 2636 1011 2680 cf.
1036 2636 1279 2679 Bor-netum
1310 2634 1340 2678 l.
1373 2635 1401 2678 l.
1428 2637 1531 2687 ‹13ss
1563 2651 1587 2679 o
1619 2639 1767 2678 seclum

267 2707 386 2760 51‚3.
408 2708 438 2750 4
469 2707 622 2751 falsam
646 2722 839 2750 versuum
864 2708 1209 2751 distributionem
1233 2709 1415 2760 sanavit,
1448 2709 1500 2750 cf.
1526 2708 1767 2751 Bonnetum

268 2779 371 2831 515>
402 2782 692 2835 misero-‚quod
723 2780 885 2831 64,253
918 2787 956 2823 te
989 2795 1190 2835 quaerens
1223 2781 1324 2831 69‚5
1351 2783 1498 2836 fabula
1521 2795 1618 2835 qua,
1650 2780 1767 2836 alia).

268 2850 511 2904 Praeterea,
551 2854 601 2894 ut
642 2867 771 2908 supra
804 2853 890 2894 iam
909 2853 1185 2910 vmonuimuS,
1217 2853 1349 2895 libros
1381 2853 1475 2894 illos
1508 2866 1559 2893 ex
1591 2850 1626 2893 G
1659 2851 1770 2894 deri-
