1950 3256
990 211 1047 254 55

488 332 524 374 Ο
554 332 610 385 di,
642 332 800 375 reddite
831 332 885 371 mi
915 332 992 372 hoc
1021 344 1100 384 pro
1129 332 1304 384 pietate
1336 343 1438 371 mea.

558 437 596 480 Ο
624 409 840 492 properate
872 435 911 477 D
940 450 1020 491 pro
1049 438 1202 491 pietate
1234 435 1308 478 GL
1337 437 1592 491 proprietate

394 509 560 561 61,200
576 508 701 566 (193)

487 583 635 636 Perye,
666 596 716 624 ne
747 593 979 624 remorare

556 650 672 694 ODL
703 666 914 694 remorare
952 650 990 694 G
1021 663 1296 693 rememorare

392 725 552 777 64‚291

485 796 736 837 Flammati
767 796 1031 837 Phaethontis
1066 800 1103 836 et
1135 795 1254 836 aeria
1286 807 1481 846 cupressu

555 865 591 909 Ο
621 867 779 920 flammi
809 866 849 909 D
880 867 1077 920 flammati
1109 864 1183 907 GL
1213 865 1400 918 flamanti

392 940 449 983 68
468 940 496 982 2

453 973 463 993 ⁹
484 1012 767 1065 Conscriplum
799 1012 876 1053 hoc
906 1012 1087 1052 lacrimis
1117 1011 1260 1051 mittis
1290 1010 1517 1068 epistolium

554 1081 633 1125 OD
664 1085 788 1124 mittis
1002 1079 1075 1122 GL
1106 1083 1223 1122 mittit

389 1154 549 1207 64,377

478 1228 704 1270 Hesterno
736 1227 881 1269 collam
909 1228 1061 1281 poterit
1091 1226 1348 1267 circumdare
1377 1227 1447 1279 filo

553 1297 589 1342 Ο
621 1304 781 1341 esterno
812 1296 852 1339 D
883 1300 1070 1341 hesterno
1101 1296 1176 1340 GL
1207 1303 1378 1340 externo

385 1381 508 1425 Unus
545 1382 659 1425 inter
698 1382 775 1425 hos
812 1384 879 1424 est
917 1383 1055 1432 locus,
1096 1395 1180 1436 quo
1217 1394 1365 1423 verum
1411 1380 1539 1423 facile
1584 1380 1766 1424 inveniri

265 1455 455 1514 potuisse
484 1454 771 1498 concedimus:
803 1452 967 1506 61‚200
997 1467 1209 1495 remorare
1238 1466 1317 1508 pro
1345 1467 1619 1496 rememorare
1639 1452 1767 1495 resti-

266 1530 388 1572 tuere
418 1542 507 1571 non
537 1526 684 1583 magni
714 1526 878 1583 negotii
909 1528 1018 1578 erat,
1048 1524 1303 1581 praesertim
1334 1539 1430 1567 cum
1460 1532 1692 1569 remoratus
1721 1541 1766 1570 es

263 1601 311 1644 in
341 1614 467 1643 versu
498 1601 701 1655 sequente
732 1600 882 1654 aperte
913 1598 967 1641 ad
998 1597 1112 1640 hunc
1141 1611 1309 1640 versum
1330 1596 1574 1652 respiceret.
1618 1596 1762 1641 Etiam

265 1672 369 1726 68,2
407 1674 533 1715 mittis
578 1685 656 1726 pro
695 1673 812 1712 mittis
850 1669 1118 1713 scribendum
1157 1684 1246 1713 esse
1282 1671 1499 1712 attentum
1538 1668 1762 1717 librarium

264 1744 414 1801 fugere
452 1743 526 1786 vix
562 1745 748 1799 poterat.
810 1740 893 1784 Sed
931 1744 1075 1784 cetera
1111 1755 1196 1783 non
1233 1743 1325 1784 tam
1363 1740 1509 1784 facilia
1546 1743 1671 1784 erant
1705 1741 1763 1785 ad

264 1816 585 1867 inveniendum,
625 1816 676 1856 ut
714 1815 803 1857 sine
840 1813 1110 1857 dubitatione
1149 1812 1378 1856 correctori
1408 1813 1543 1855 tribui
1573 1814 1761 1868 possint3

264 1893 376 1930 tenta
412 1889 578 1940 autem,
626 1886 738 1943 quod
774 1896 824 1929 ea
862 1886 1034 1928 notione
1072 1899 1157 1940 qua
1195 1884 1297 1936 80‚6
1334 1884 1512 1940 ponitur
1554 1899 1760 1941 nusquam

265 1958 370 2003 alibi
402 1961 537 2011 extat,
568 1957 799 2002 correctori
830 1957 974 2000 deberi
1006 1956 1267 2000 confidenter
1298 1956 1555 2012 negaverim.

383 2042 442 2086 Et
480 2048 583 2086 sunt
619 2044 843 2098 praeterea
879 2042 981 2094 loci,
1022 2041 1176 2097 quibus
1213 2042 1328 2084 solus
1365 2042 1406 2084 D
1443 2056 1587 2085 veram
1626 2043 1762 2100 scrip-

264 2118 408 2159 turam
454 2116 642 2159 servavit
695 2129 827 2170 eaque
873 2129 959 2157 non
1002 2114 1171 2157 videtur
1218 2130 1244 2157 a
1286 2116 1524 2157 correctore
1569 2115 1762 2171 profecta

263 2203 372 2233 esse:

385 2260 516 2313 66,83

483 2334 622 2375 Vester
653 2346 777 2388 onyx,
810 2338 925 2374 caseo
954 2333 1132 2386 petitis
1162 2344 1269 2385 quae
1298 2333 1394 2373 iura
1426 2331 1547 2373 cubili

548 2403 588 2446 D
617 2406 757 2459 petitis
817 2401 894 2446 GO
926 2405 1056 2446 colitis
1116 2402 1151 2445 L
1182 2405 1380 2458 quaeritis

382 2475 448 2519 De
492 2476 572 2519 hoc
610 2490 734 2518 versu
771 2475 857 2518 iam
887 2475 932 2518 in
962 2474 1101 2531 prima
1130 2474 1344 2531 particula
1375 2475 1685 2532 disputavimus
1715 2479 1760 2520 et

267 2547 432 2592 Datani
462 2548 718 2603 scripturam
750 2562 895 2590 veram
925 2561 1014 2590 esse
1045 2546 1336 2590 demonstrare
1366 2547 1619 2593 studuimus.

384 2619 486 2673 88‚2

478 2693 651 2734 Prurit
681 2699 719 2734 et
750 2693 919 2735 abiectis
944 2693 1164 2748 perviqilal
1194 2695 1351 2735 tunicis.

382 2775 434 2818 In
466 2774 506 2818 D
537 2778 660 2819 extat
687 2779 837 2831 prurit,
876 2775 923 2819 in
954 2775 991 2819 G
1022 2779 1068 2819 et
1098 2777 1249 2820 ceteris
1280 2776 1493 2832 plerisque
1522 2780 1684 2832 proruit
1714 2780 1759 2820 et

265 2848 405 2903 ipsum
443 2847 524 2891 hoc
560 2851 723 2904 proruit
752 2846 1001 2892 Schwabius
1037 2848 1223 2904 putabat
1260 2848 1303 2890 in
1335 2847 1377 2891 V
1407 2848 1611 2892 extitisse.
1676 2848 1756 2892 Sed
