1950 3256
972 241 1030 284 53

257 363 453 420 respexit.
522 360 672 417 Neque
716 366 861 403 tamen
900 360 1003 403 haec
1040 374 1186 403 versus
1224 373 1324 413 pars
1366 358 1482 401 omni
1512 358 1756 413 corruptela

256 428 464 487 vacabat,
483 433 553 476 sed
588 421 816 476 laborabat
846 431 1027 487 antiquo
1058 430 1233 474 mendo:
1262 444 1443 484 propere
1462 444 1540 485 pro
1560 418 1757 484 peperere

255 507 341 565 iam
379 506 425 548 in
457 504 507 560 V,
538 505 744 560 scriptum
782 503 911 546 fuisse
949 517 1002 545 ex
1043 502 1232 546 codicum
1264 515 1471 544 consensu
1501 501 1756 557 colligimus.

256 577 317 622 Et
347 578 501 621 falsum
533 577 613 619 hoc
642 590 821 631 propere
852 576 941 617 sine
973 574 1101 618 dubio
1134 574 1264 617 etiam
1296 573 1341 616 in
1372 587 1449 616 suo
1469 571 1609 615 codice
1642 573 1758 628 lege-

255 651 351 702 bat;
368 650 442 692 ille
458 649 593 705 igitur
607 662 744 704 neque
761 661 928 690 versum
944 649 1058 689 recte
1075 646 1275 689 scandere
1290 645 1435 701 potuit
1443 659 1578 700 neque
1586 644 1758 688 omuino

255 721 511 765 sententiam
529 720 757 772 intellexit,
774 718 846 762 sed
863 721 1007 760 tamen
1023 716 1167 760 divina
1182 732 1267 773 qua
1276 719 1370 760 erat
1380 716 1512 759 animi
1520 714 1757 772 sagacitate

257 808 427 849 eumque
442 792 548 835 illud
565 793 680 833 recte
689 804 767 845 pro
775 796 897 844 atque
906 788 1110 844 reposuit.
1127 787 1271 840 Vides,
1280 791 1442 844 quanta
1451 784 1757 844 probabilitate

253 867 334 910 hoc
350 865 443 908 loco
460 862 709 906 correctoris
717 876 889 903 manum
908 874 1199 918 agnoscamus.
1209 885 1267 891 —
1278 860 1418 910 Quare
1426 873 1523 901 cum
1532 857 1583 900 de
1592 871 1758 901 correc-

253 939 372 981 tione
389 937 459 979 hic
479 934 660 992 cogitari
682 948 767 976 non
788 933 937 988 possit,
959 947 982 974 e
1002 932 1142 975 codice
1160 931 1211 984 G,
1234 932 1278 974 in
1295 946 1379 988 quo
1395 937 1517 986 alque
1533 932 1757 972 exaratum

254 1012 340 1061 est,
388 1007 428 1050 D
475 1022 560 1050 non
608 1005 775 1048 videtur
821 1004 1038 1047 derivatus
1078 1018 1188 1056 esse,
1235 1003 1308 1046 sed
1350 1017 1403 1045 ex
1439 1002 1532 1058 ipso
1571 1000 1613 1043 V
1650 1001 1758 1044 illud

255 1094 426 1136 cumque
464 1079 510 1121 in
540 1077 580 1120 D
619 1077 839 1119 transiisse
876 1077 1120 1132 ponendum
1158 1078 1236 1119 est.
1297 1073 1410 1118 Nam
1446 1089 1499 1117 ex
1530 1072 1566 1116 O
1598 1076 1675 1116 aut
1706 1088 1758 1115 ex

254 1152 306 1207 B,
337 1165 520 1208 quorum
553 1150 627 1192 ille
660 1163 849 1204 cumque,
891 1148 960 1191 hic
993 1155 1115 1204 atque
1147 1149 1201 1192 al.
1235 1162 1406 1203 cumque
1436 1146 1628 1203 praebet,
1660 1160 1756 1188 eum

179 1211 186 1218 ’
254 1224 429 1268 fluxisse
458 1236 583 1265 nemo
615 1223 792 1271 statuet,
832 1220 907 1275 qui
938 1224 1138 1263 naturam
1170 1219 1324 1263 horum
1355 1219 1547 1262 codicum
1576 1219 1755 1261 noverit.

257 1296 460 1340 Efficitur
499 1297 665 1345 autem,
705 1296 755 1335 ut
791 1293 878 1335 iam
917 1307 1046 1347 supra
1078 1292 1137 1348 (p.
1174 1293 1247 1349 15)
1282 1291 1474 1343 vidimus,
1505 1305 1559 1333 ex
1589 1291 1757 1334 collatis

253 1366 478 1424 scripturis
525 1365 733 1408 librorum
781 1363 896 1408 GOB
946 1365 991 1406 in
1037 1364 1271 1420 archetypo
1309 1362 1349 1405 V
1387 1363 1500 1405 hanc
1545 1362 1756 1418 duplicem

254 1475 512 1531 scripturam
552 1473 744 1516 extitisse
784 1443 920 1528 (ππ.
998 1470 1144 1529 Atque
1182 1471 1282 1514 hinc
1320 1471 1432 1527 quod
1470 1471 1610 1527 ipsum
1648 1469 1757 1512 illud

254 1561 425 1603 cumque
461 1546 506 1588 in
538 1545 579 1588 V
609 1547 832 1589 exaratum
864 1544 994 1588 fuisse
1025 1544 1200 1596 scimus,
1241 1544 1377 1586 multo
1410 1541 1674 1599 probabilius
1705 1541 1756 1584 fit

252 1619 510 1675 scripturam
553 1618 654 1661 libri
686 1617 724 1660 D
764 1632 786 1660 e
818 1615 858 1658 V
889 1615 935 1658 in
968 1616 1007 1658 D
1044 1615 1304 1673 pervenisse,
1345 1630 1431 1658 non
1462 1631 1487 1658 a
1517 1616 1756 1658 correctore

254 1691 487 1748 repositam
521 1704 625 1734 esse.

372 1762 533 1815 68,119

467 1837 576 1878 Nam
604 1847 734 1888 neque
765 1839 863 1875 tam
895 1846 1039 1874 carum
1070 1834 1256 1887 confecto
1287 1838 1423 1875 aetate
1450 1834 1616 1888 parenti

541 1907 631 1948 Una
662 1911 788 1960 caput
817 1906 901 1947 seri
930 1911 1033 1947 nala
1063 1907 1224 1959 nepotis
1255 1906 1340 1947 alit.

373 1979 423 2022 In
457 1979 498 2022 D
530 1981 645 2021 recte
676 1977 882 2033 scriptum
914 1979 979 2019 est
1010 1991 1085 2019 nec
1115 1983 1218 2028 tam,
1259 1977 1306 2019 in
1336 1975 1387 2028 G,
1419 1990 1471 2018 ex
1501 1989 1586 2030 quo
1616 1974 1755 2018 Data-

254 2067 359 2095 num
393 2051 631 2094 derivatum
665 2064 754 2093 esse
785 2049 934 2092 dicunt
964 2064 1038 2092 nec
1069 2063 1211 2091 causa.
1273 2045 1332 2089 Et
1362 2061 1446 2102 quo
1477 2061 1620 2089 errore
1649 2046 1756 2089 haec

254 2124 337 2167 duo
367 2124 497 2166 verba
534 2122 774 2179 permutari
809 2121 1050 2177 potuerint,
1090 2120 1175 2163 iam
1206 2120 1279 2162 diu
1310 2120 1571 2176 explicatum
1603 2121 1669 2161 est
1699 2119 1753 2162 cf.

256 2193 478 2245 Schwabe,
508 2194 572 2237 ed.
605 2194 741 2249 praef.
763 2208 805 2249 p.
827 2192 965 2236 XXV.
1012 2192 1127 2235 Illud
1158 2200 1243 2235 tam
1273 2207 1300 2235 a
1330 2192 1507 2235 librario
1537 2206 1560 2233 e
1590 2190 1755 2234 coniec-

254 2269 354 2309 tura
400 2265 633 2320 repositum
681 2279 770 2308 esse
815 2278 989 2320 prorsus
1027 2263 1275 2307 incredibile
1314 2265 1400 2313 est;
1437 2277 1570 2318 quare
1609 2277 1753 2305 veram

252 2338 508 2392 scripturam
542 2352 565 2379 e
585 2337 626 2379 V
658 2337 701 2379 in
722 2336 762 2378 D
794 2336 1014 2380 transiisse
1043 2335 1284 2396 putandum
1314 2337 1392 2378 est.
1432 2333 1550 2383 Quae
1580 2337 1754 2377 senten-

252 2409 317 2453 tia
347 2423 494 2451 rursus
523 2409 648 2452 valde
679 2425 728 2453 eo
759 2410 1049 2460 confirmatur,
1082 2408 1193 2464 quod
1224 2408 1270 2450 in
1302 2406 1342 2448 V
1375 2406 1587 2462 duplicem
1617 2407 1753 2463 scrip-

254 2519 398 2560 turam
429 2483 559 2561 miza
590 2517 783 2560 extitisse
815 2532 837 2559 e
868 2517 1036 2560 collatis
1068 2517 1279 2560 librorum
1314 2514 1570 2558 testimoniis
1596 2531 1753 2572 cogno-

252 2588 428 2632 scimus:
467 2589 599 2632 habet
629 2588 743 2630 enim
775 2587 812 2631 Ο
844 2595 948 2641 tam,
979 2589 1017 2632 B
1053 2590 1098 2632 iu
1129 2589 1254 2632 textu
1286 2601 1436 2638 causa,
1475 2587 1519 2628 in
1559 2589 1752 2644 margine

254 2662 299 2702 al
334 2675 464 2716 neque
502 2668 586 2703 tam
626 2658 696 2717 (cf.
736 2674 779 2715 p.
823 2660 910 2716 15).
972 2660 1091 2704 Idem
1128 2661 1264 2717 igitur
1302 2673 1354 2701 ex
1389 2658 1469 2701 hoc
1499 2659 1591 2702 loco
1621 2662 1752 2715 atque

256 2747 309 2776 ex
338 2732 481 2788 priore
511 2733 589 2776 illo
621 2732 751 2783 66‚45
783 2746 1043 2787 consequens
1074 2731 1138 2783 fit,
1171 2730 1211 2772 D
1244 2746 1327 2774 uon
1358 2745 1382 2773 e
1411 2730 1550 2774 codice
1571 2728 1607 2771 G
1641 2729 1752 2771 deri-

256 2808 403 2847 vatum
436 2819 537 2847 esse.

371 2875 476 2929 97,3
