1950 3256
943 173 998 215 70

220 293 333 350 quod
366 293 409 335 in
434 292 472 334 G
504 295 547 335 et
571 291 606 335 Ο
638 294 682 335 et
713 292 927 347 plerisque
959 292 1170 335 codicibus
1203 295 1337 344 extat,
1371 293 1556 335 numeris
1588 294 1719 335 caret.

222 364 374 417 Codex,
409 379 532 419 quem
565 363 741 406 Ellisius
773 363 903 407 litera
934 381 959 407 a
991 365 1172 416 notavit,
1207 364 1312 407 haec
1341 365 1537 419 praebet:

438 438 507 478 Sic
538 438 688 479 homini
721 437 895 479 arbitrio
926 451 1086 491 semper
1116 444 1189 478 tua
1221 451 1328 479 cana
1357 444 1552 480 senectus.

221 508 303 552 Sed
338 508 445 552 illud
479 523 638 563 semper
674 523 699 550 a
736 510 973 551 correctore
1008 508 1246 563 profectum
1283 510 1361 560 est,
1399 510 1470 564 qui
1509 509 1722 552 sententia

219 595 393 638 prorsus
431 581 629 637 neglecta
660 580 702 622 id
736 581 907 622 tantum
941 580 1049 635 egit,
1091 582 1140 621 ut
1174 595 1338 623 versum
1372 580 1633 632 restitueret,
1666 582 1720 624 cf.

219 670 262 711 p.
285 654 326 697 5.
378 653 441 696 De
472 651 751 695 Riecardiauo
784 654 916 695 testes
948 652 1060 694 inter
1093 667 1135 694 se
1168 652 1431 708 discrepant:
1465 652 1590 694 huius
1621 651 1723 695 libri

220 741 328 783 quae
375 727 440 768 est
487 725 701 779 scriptura
748 723 977 767 secundum
1027 723 1225 767 Ellisium
1280 725 1460 779 speeiem
1508 724 1722 778 quandam

220 797 416 842 veritatis
449 797 598 840 habet:

436 870 506 911 Sic
537 870 688 911 homini
720 870 892 910 arbitrio
920 871 1118 924 populari
1151 883 1258 911 caua
1290 875 1486 911 senectus.

220 941 332 985 Nam
401 940 474 983 ubi
538 954 615 995 pro
678 941 891 982 communi
955 941 1145 983 omnium
1206 940 1420 982 ·Iibrorum
1493 940 1598 982 vitio
1664 943 1724 983 sio

221 1016 373 1058 homini
405 1012 642 1069 reposueris
673 1015 709 1055 si
733 1012 901 1063 Comini,
935 1015 977 1054 et
1010 1013 1223 1055 sententia
1256 1016 1300 1054 et
1323 1026 1468 1055 versus
1491 1014 1592 1054 stat.
1641 1011 1724 1054 Sed

221 1086 352 1129 etiam
385 1085 489 1128 haec
511 1083 737 1139 scriptura,
771 1083 978 1139 siquidem
1002 1084 1043 1125 in
1067 1084 1180 1126 Ricc.
1204 1086 1337 1136 extat,
1371 1087 1420 1125 ut
1442 1099 1467 1126 a
1487 1088 1724 1126 correctore

219 1158 398 1202 metrico
439 1157 542 1199 ficta
580 1155 740 1198 nullius
781 1156 1053 1198 auctoritatis
1093 1159 1170 1200 est.
1235 1155 1474 1199 Pronomen
1506 1164 1578 1198 lua
1610 1156 1722 1199 enim

219 1246 314 1275 cum
362 1230 407 1272 in
456 1227 494 1270 D
543 1230 586 1270 et
634 1227 774 1270 Ellisii
821 1228 962 1271 codice
1011 1244 1035 1271 a
1082 1228 1315 1279 habeatur,
1364 1229 1406 1269 iu
1454 1227 1723 1272 Riccardiani

220 1302 455 1358 archetypo
497 1300 689 1343 extitisse
727 1303 891 1342 certum
931 1303 1007 1342 est.
1073 1299 1256 1342 Videtur
1298 1304 1442 1343 autem
1476 1299 1649 1341 Ellisius
1683 1299 1725 1343 id

219 1376 330 1432 quod
363 1374 413 1417 de
447 1372 728 1416 Riccardiano
761 1375 948 1415 testatur
981 1388 1032 1414 ex
1065 1371 1546 1415 Lachmannieditione
1579 1386 1724 1427 sump-

219 1448 321 1491 sisse
369 1446 440 1503 (cf.
486 1444 606 1487 Ellis.
656 1460 698 1500 p.
748 1444 864 1501 LIX)
912 1445 1085 1500 eiusque
1132 1444 1451 1487 adnotationem
1500 1445 1612 1487 male
1659 1444 1724 1486 in-

219 1519 455 1569 tellexisse3
493 1532 623 1572 quam
655 1518 811 1560 rectius
844 1532 939 1560 cum
971 1515 1195 1559 Schwabio
1228 1516 1290 1558 ita
1322 1515 1634 1572 intellegimus,
1674 1517 1724 1558 ut

220 1600 293 1635 tua
325 1592 367 1634 in
398 1591 514 1634 Ricc.
549 1592 697 1632 extare
728 1589 948 1632 credamus
980 1589 1032 1632 ad
1067 1589 1179 1631 hunc
1211 1588 1402 1630 modum:

436 1666 506 1706 Sic
537 1664 689 1705 homini
722 1664 895 1704 arbitrio
927 1664 1124 1716 populari
1155 1668 1226 1702 tua
1260 1675 1368 1702 cana
1399 1667 1584 1703 senectus

219 1738 349 1790 atque
383 1736 459 1776 aut
491 1734 571 1777 hoc
604 1737 680 1777 aut
712 1733 831 1785 illud,
866 1734 976 1788 quod
1012 1750 1036 1777 a
1067 1733 1254 1784 exhibet,
1283 1732 1448 1774 videtur
1480 1732 1615 1775 latere
1646 1732 1723 1774 sub
1751 1769 1754 1772 Α

220 1822 268 1851 eo
300 1806 412 1863 quod
444 1805 483 1848 D
517 1806 669 1848 habet:

435 1881 504 1920 Sic
535 1880 686 1922 homini
718 1880 892 1921 arbitrio
1065 1886 1137 1920 tua
1170 1892 1278 1919 cana
1309 1883 1506 1920 senectus.

220 1952 286 1995 Ex
333 1953 583 2006 comparata
629 1949 791 1993 Datani
839 1953 882 1992 et
930 1949 1200 1993 Riccardiani
1247 1949 1460 2005 scriptura
1507 1949 1724 2004 profectus

221 2023 522 2067 Lachmannus
555 2023 695 2066 deleto
727 2022 980 2078 pronomine
1013 2029 1084 2064 tua
1117 2022 1196 2065 hoc
1228 2022 1272 2064 in
1305 2023 1429 2064 textu
1462 2021 1623 2076 posuit:

436 2097 481 2137 Si
515 2096 671 2138 Comini
704 2096 876 2137 arbitrio
907 2097 1103 2148 populari
1136 2108 1244 2137 cana
1273 2100 1471 2145 senectus,

220 2168 260 2210 id
293 2167 405 2223 quod
438 2181 522 2210 non
555 2167 723 2210 videtur
755 2166 1039 2221 probabiliter
1072 2166 1231 2210 fecisse.
1286 2165 1396 2209 Nam
1430 2180 1528 2208 rara
1556 2165 1724 2208 addita-

220 2243 365 2283 menta
398 2239 440 2281 in
475 2238 637 2282 Catulli
669 2239 860 2281 carmina
893 2239 1017 2282 illata
1050 2242 1150 2282 sunt
1182 2241 1225 2280 et
1258 2238 1516 2294 simpliciore
1545 2238 1722 2289 medela,

220 2326 347 2368 quam
388 2312 475 2355 iam
512 2310 677 2354 Statius
718 2312 856 2353 ve1sui
897 2310 1107 2362 adhibuit,
1149 2326 1199 2353 ex
1240 2311 1453 2366 scriptula
1485 2313 1724 2352 ceterorum

220 2384 429 2427 librorum
470 2383 676 2435 efficitur,
717 2383 829 2439 quod
863 2397 947 2426 non
980 2383 1119 2425 miuus
1151 2386 1280 2438 poeta
1312 2382 1486 2440 dignum
1520 2385 1607 2432 est;
1647 2395 1725 2437 pro

220 2458 416 2511 populari
447 2454 612 2498 Statius
644 2458 786 2511 populi
818 2455 1026 2498 restituit:

437 2530 484 2570 Si
519 2528 673 2570 Comini
704 2530 845 2582 populi
877 2529 1050 2570 arbitrio
1082 2534 1152 2569 tua
1187 2541 1293 2570 cana
1328 2532 1523 2569 senectus.

344 2600 471 2651 101,7

438 2673 556 2714 Nunc
588 2678 723 2714 tamen
755 2674 924 2722 interea,
957 2674 1093 2724 prisco
1126 2686 1232 2725 quae
1263 2685 1374 2714 more
1404 2677 1632 2723 pareutum.

343 2741 461 2786 Haec
500 2743 800 2786 Lachmannus
842 2742 992 2792 edidit3
1043 2743 1080 2784 D
1121 2742 1295 2785 exhibet
1334 2745 1505 2794 interea,
1547 2740 1579 2782 L
1612 2743 1655 2782 et
1687 2740 1722 2783 G

1925 3187 1950 3256 ,Η
