1950 3256
953 225 1008 269 17

355 342 486 396 14‚18

365 424 373 425 ’
447 415 622 458 Curram
652 418 842 459 scrinia:
876 415 1054 466 Caedes,
1087 415 1268 471 Aqm'no's

351 489 515 530 Scrinia
535 489 744 543 praebent
764 486 884 539 G'O,
903 489 1066 531 scrinea
1086 485 1233 530 G²DL
1255 487 1327 546 (cf.
1346 487 1586 531 Bonnetum
1607 488 1636 530 l.
1662 487 1727 544 1.).

351 558 514 612 61‚204
545 557 671 615 (197)
1728 574 1733 575 ⁷

850 633 1042 686 quoniam
1071 632 1213 685 palam

450 702 570 752 Quod
601 704 716 755 cupis
747 705 882 757 capis
912 709 951 744 et
982 704 1129 745 bonum

515 774 606 814 Non
639 775 856 816 abscondis
887 789 1077 817 amorem.

351 842 468 886 Haec
498 847 543 886 et
573 845 617 886 in
650 844 914 889 Lachmanni
946 846 1067 888 libris
1098 848 1143 889 et
1173 846 1216 888 in
1247 845 1285 888 G
1316 847 1480 897 extant,
1512 844 1583 887 sed
1615 845 1657 886 in
1689 843 1726 886 G

231 917 350 971 capis
378 930 405 958 a
435 919 672 958 correctore
704 917 951 960 restitutum
984 921 1050 961 est
1079 932 1131 960 ex
1159 918 1321 973 primae
1342 932 1494 960 manns
1514 917 1728 972 scriptura

231 989 349 1043 cupis
380 986 434 1029 cf.
469 986 709 1031 Bonuetum
741 989 769 1032 l.
803 989 833 1033 l.
886 988 923 1032 Ο
954 1004 1048 1032 cum
1080 1004 1145 1045 pr.
1178 1004 1233 1032 m.
1266 988 1418 1032 codicis
1448 987 1487 1030 G
1518 988 1634 1031 facit.
1688 988 1728 1030 A

231 1059 445 1115 scriptura
501 1060 682 1116 vulgata
733 1061 843 1114 quod
894 1063 1009 1116 cupis
1060 1064 1196 1116 capis,
1249 1075 1377 1116 quam
1429 1060 1727 1103 Lachmaunus

230 1131 452 1188 amplexus
483 1135 562 1184 est,
595 1135 709 1175 recte
741 1133 937 1175 videntur
967 1134 1184 1176 recessisse
1216 1133 1415 1176 Heinsius
1443 1132 1728 1176 Baehrensius

230 1202 454 1247 Vahlenus
510 1203 624 1261 (Cat.
670 1204 763 1247 Tib.
809 1203 935 1260 Prop.
982 1206 1037 1247 ab
1083 1205 1275 1261 Hauptio
1321 1218 1490 1260 recogn.
1536 1203 1599 1247 ed.
1645 1203 1727 1261 IV)

230 1275 464 1318 scribentes
516 1278 625 1332 quod
677 1279 792 1331 cupis
838 1279 966 1331 cupis.
1042 1277 1151 1327 Quid
1197 1276 1310 1319 enim
1356 1276 1538 1319 maritus
1582 1277 1728 1332 capit?

230 1347 380 1391 Palam
418 1351 534 1392 certe
573 1348 684 1391 nihil
723 1349 852 1404 capit.
914 1348 1142 1392 Praeterea
1179 1363 1273 1391 cum
1307 1348 1553 1391 adverbium
1584 1350 1727 1403 palam

229 1420 389 1478 insigni
419 1420 633 1463 enuntiati
665 1420 757 1462 loco
788 1435 884 1463 cum
914 1420 956 1463 vi
987 1421 1032 1462 et
1061 1422 1246 1475 pondere
1276 1423 1476 1476 ponatur,
1507 1435 1595 1462 non
1625 1423 1727 1475 apte

230 1493 408 1536 verbum
438 1493 631 1549 capiendi
663 1492 727 1535 ita
757 1492 954 1543 infertur,
987 1495 1036 1534 ut
1066 1492 1262 1548 cupiendi
1283 1491 1412 1534 verbo
1431 1492 1588 1547 opponi
1609 1492 1726 1535 vide·

230 1567 352 1616 πίοι-ς
387 1565 600 1621 oppositio
636 1565 778 1620 potius
809 1564 923 1606 inter
955 1578 1104 1618 cupere
1133 1566 1177 1606 et
1206 1566 1348 1620 palam
1380 1578 1530 1618 cupere
1560 1563 1725 1606 deside-

230 1638 354 1680 ratur
397 1637 525 1693 idque
566 1636 794 1679 confirmat
839 1636 1054 1691 sequentis
1099 1636 1311 1679 enuntiati
1357 1635 1640 1678 conformatio
1687 1642 1727 1678 et

230 1712 377 1754 bomem
407 1725 488 1753 non
519 1710 737 1752 abscondis
766 1722 958 1751 amorem.
1005 1706 1286 1757 Quamobrem
1318 1706 1576 1762 scripturam
1608 1711 1725 1763 cupis

229 1785 451 1839 praestare
480 1784 600 1838 puto.

349 1854 512 1908 64,355

447 1928 714 1980 Troinqenum
742 1926 892 1979 infesto
921 1930 1169 1978 prosternet
1200 1937 1381 1979 corpora
1409 1926 1539 1978 ferro.

350 1998 572 2054 Participii
604 1997 785 2040 formam
813 2002 1077 2051 prosternens
1098 1995 1137 2037 D
1165 1998 1210 2038 et
1235 1994 1375 2051 prima
1396 2009 1549 2038 manus
1569 1995 1724 2039 codicis

229 2069 266 2113 L
302 2073 539 2123 testantur,
580 2069 792 2125 scriptura.
829 2074 1060 2124 prosternet
1091 2066 1367 2111 Laehmanno
1406 2070 1510 2111 nota
1548 2070 1643 2111 erat
1673 2082 1725 2110 ex

228 2141 278 2196 L,
309 2157 393 2198 quo
423 2143 469 2184 in
498 2143 609 2185 libro
643 2157 668 2184 a
699 2143 936 2184 correctore
971 2140 1166 2182 futurum
1196 2139 1459 2195 adscriptum
1489 2142 1568 2183 est.
1630 2138 1669 2181 G
1699 2154 1726 2182 a

228 2228 294 2269 pr.
336 2229 392 2256 m.
432 2214 565 2257 habet
601 2219 854 2269 prosternet,
901 2212 1012 2268 quod
1051 2226 1078 2253 a
1113 2214 1352 2254 correctore
1388 2212 1431 2253 in
1463 2217 1726 2266 prosternens

228 2289 446 2330 mutatum
491 2289 576 2338 est,
625 2285 662 2328 O
708 2299 804 2327 cum
849 2300 913 2340 pr.
953 2299 1008 2328 m.
1049 2283 1203 2327 codicis
1234 2282 1273 2325 G
1309 2283 1427 2326 facit.
1491 2286 1727 2326 Prosternet

228 2358 544 2401 constructione
595 2357 878 2415 grammatica
927 2355 1164 2411 requiritur
1213 2358 1258 2398 et
1307 2371 1404 2399 cum
1455 2357 1568 2412 apud
1619 2355 1725 2399 alios

228 2429 411 2472 editores
438 2433 532 2472 tum
553 2430 666 2485 apud
687 2428 1009 2471 Lachmannum
1030 2427 1075 2469 in
1097 2430 1220 2470 textu
1241 2426 1413 2484 legitur.
1461 2426 1533 2468 Illi
1554 2428 1724 2468 tantum

227 2501 311 2544 viri
354 2502 486 2554 docti,
533 2501 608 2556 qui
653 2501 767 2543 iuter
813 2514 884 2543 eas
921 2500 1122 2543 carminis
1158 2499 1413 2555 particulas,
1456 2513 1565 2554 quae
1603 2512 1726 2540 versu

226 2573 475 2616 intercalari
502 2573 726 2624 finiuntur,
759 2573 1072 2628 responsionem
1093 2571 1306 2627 quandam
1329 2574 1573 2615 accuratam
1595 2569 1725 2612 fnisse

227 2646 310 2688 sibi
339 2648 665 2702 persuaserunt,
704 2644 839 2687 veluti
869 2643 1056 2696 Ellisius‚
1088 2650 1352 2699 prosternens
1381 2657 1530 2686 verum
1561 2657 1650 2685 esse
1680 2645 1725 2684 et

229 2732 361 2761 unum
393 2733 560 2761 versum
592 2717 794 2760 excidisse
825 2719 1038 2770 statuunt,
1071 2719 1121 2759 nt
1141 2718 1348 2772 quattuor
1369 2730 1565 2758 versuum
1586 2715 1725 2770 parti-

227 2790 369 2833 culam
400 2790 717 2833 nanciscantur.
766 2787 846 2831 Sed
876 2803 931 2832 ne
961 2790 1028 2831 illi
1059 2788 1230 2845 quidem
1261 2801 1406 2830 omnes
1439 2787 1502 2829 ita
1532 2787 1725 2829 iudicant

227 2876 365 2918 neque
401 2862 586 2904 multum
623 2861 702 2905 hac
738 2861 904 2904 ratione
934 2861 1159 2916 proficitur
1189 2860 1243 2903 ad
1274 2861 1517 2952 δῦσαι-εἰδέω
1549 2872 1724 2913 respou-
