1950 3256
916 169 974 212 60

193 285 243 326 de
293 300 336 327 re
376 285 624 330 Schwabius
672 287 714 329 in
763 286 948 331 editione
981 303 1022 343 p.
1064 288 1127 331 VI
1168 305 1266 333 ann.
1306 291 1363 332 20
1406 291 1528 335 haec:
1577 295 1700 335 credo

194 364 328 400 aulem
375 373 535 400 versum
582 361 689 401 hemo
737 362 778 401 iu
826 362 965 402 codice
1005 363 1218 404 veronensi
1255 377 1388 416 paene
1426 364 1698 406 oblitteratum

191 431 319 483 fuisse
353 456 405 462 —-
455 433 691 473 sumendum
731 439 788 474 est
835 433 915 474 duo
957 435 1161 475 minimum
1198 435 1359 477 scribas
1399 450 1451 478 ex
1488 437 1700 478 veronensi

196 503 335 544 codice
366 504 513 545 librum
549 504 697 546 Catulli
720 505 997 559 descripsisse,
1020 520 1189 560 quorum
1214 507 1319 548 alter
1340 509 1536 563 reliquias
1561 522 1699 550 versus

192 576 298 616 illius
329 581 470 618 tenues
510 578 750 631 neyleyeret,
795 578 898 618 alter
933 579 1108 631 fideliter
1139 585 1336 621 servaret.
1415 578 1474 622 At
1507 593 1583 622 nos
1616 593 1698 622 non

192 646 254 687 bis
291 649 481 699 tantum,
514 648 586 690 sed
619 652 772 703 quater
803 648 1024 691 minimum
1059 650 1240 693 codicem
1263 649 1302 691 V
1325 650 1588 706 descriptum
1610 663 1700 693 esse

190 717 384 761 vidimus.
455 717 569 762 Nam
608 723 779 775 praeter
820 721 903 763 duo
942 721 1018 764 illa
1058 721 1330 779 apographa,
1374 736 1482 778 quae
1521 723 1699 778 propter

190 788 322 831 libros
355 789 391 832 G
429 793 472 833 et
505 790 541 834 O
581 791 783 850 sumenda
822 795 942 847 sunt,
984 794 1162 836 tertium
1198 808 1354 849 ponere
1397 793 1613 846 debemus,
1647 807 1699 835 ex

190 876 273 916 quo
306 861 488 906 derivati
522 867 622 906 sunt
653 864 763 906 liber
794 863 831 906 B
869 867 912 907 et
943 865 982 907 ei
1014 866 1087 921 qui
1118 881 1215 910 cum
1246 865 1282 907 B
1314 866 1567 921 plerumque
1597 879 1699 908 con-

190 934 405 988 sentiunt,
454 938 658 991 quartum
691 936 871 992 denique
912 937 1018 980 illud
1051 939 1153 992 erit,
1195 954 1246 981 ex
1278 952 1361 994 quo
1394 938 1523 980 codex
1555 937 1593 979 D
1625 937 1699 980 de-

193 1006 377 1063 scriptus
410 1010 487 1051 est.
550 1007 802 1051 Ponendum
833 1009 968 1065 igitur
1001 1013 1065 1052 est
1105 1027 1130 1054 a
1163 1011 1300 1053 tribus
1333 1008 1522 1052 librariis
1553 1009 1626 1065 qui
1657 1007 1696 1050 V

189 1078 488 1122 describebant
509 1080 709 1123 omissum
732 1095 819 1124 esse
842 1095 1013 1124 versum
1035 1080 1172 1133 illum,
1198 1081 1251 1124 ab
1272 1096 1358 1124 uno
1381 1096 1464 1124 non
1482 1081 1697 1125 omissum.

189 1153 334 1207 Atque
383 1151 698 1194 concedendum
746 1155 811 1196 est
858 1153 956 1196 hinc
1002 1152 1191 1208 aliquem
1235 1168 1329 1196 cum
1377 1152 1698 1210 probabilitatis

190 1224 374 1279 quadam
408 1225 544 1280 specie
574 1228 876 1281 argumentum
898 1229 1044 1282 petere
1067 1240 1200 1281 posse,
1233 1240 1316 1281 quo
1338 1226 1455 1269 nisus
1478 1225 1528 1268 de
1551 1239 1697 1268 versus

188 1297 306 1340 illius
351 1296 605 1353 integritate
652 1298 834 1342 dubitet.
907 1297 965 1341 Et
1012 1299 1156 1341 eadem
1204 1313 1298 1341 cum
1346 1299 1483 1353 specie
1530 1312 1695 1340 omnem
1740 1356 1742 1361 ,

189 1369 321 1412 codici
343 1369 382 1412 D
415 1369 719 1412 auctoritatem
751 1370 960 1428 denegare
993 1369 1167 1426 poterit,
1212 1369 1330 1412 Haec
1362 1384 1461 1413 vero
1483 1369 1696 1413 dubitatio

188 1441 382 1497 profecto
414 1457 499 1485 non
531 1444 705 1485 tantum
739 1443 867 1496 valet,
900 1445 950 1485 ut
982 1457 1031 1486 ea
1063 1456 1171 1498 quae
1204 1442 1344 1485 adhuc
1365 1456 1461 1485 cum
1483 1442 1534 1484 de
1556 1441 1696 1484 codice

191 1514 229 1556 D
263 1517 356 1557 tum
388 1514 439 1557 de
470 1514 550 1558 hoc
584 1530 710 1558 versu
742 1514 1014 1558 disseruimus
1045 1514 1173 1557 irrita
1205 1515 1328 1559 fiant.
1359 1523 1363 1527 “
1391 1513 1473 1557 Sed
1494 1513 1696 1557 audacter

189 1586 408 1631 credemus
430 1602 597 1630 versum
619 1588 743 1630 illum
765 1588 810 1630 in
832 1586 886 1639 V,
920 1587 1101 1631 fortasse
1123 1587 1169 1630 in
1191 1587 1399 1644 margine,
1434 1586 1695 1641 adscriptum

189 1658 317 1701 fuisse
355 1662 400 1701 et
441 1675 466 1702 a
506 1659 720 1717 plerisque
759 1659 948 1703 librariis
987 1659 1253 1715 neglectum,
1300 1659 1354 1702 ab
1392 1673 1477 1702 uno
1511 1657 1696 1701 fideliter

191 1733 415 1775 exaratum
448 1746 549 1776 esse.

309 1803 412 1855 97‚5

309 1875 401 1919 Hoc
440 1876 532 1919 loco
574 1876 663 1932 ipse
703 1875 1004 1919 Lachmannus
1042 1876 1201 1919 iniuria
1234 1875 1396 1919 Datani
1437 1875 1694 1931 scripturam

190 1951 430 2004 suspectam
463 1949 632 1991 videtur
665 1947 885 2001 habuisse3
919 1949 1068 1991 scribit
1100 1948 1174 1993 ille
1205 1963 1373 1991 versum
1404 1949 1485 1990 sic:

406 2024 512 2065 Nam
543 2023 630 2064 sine
662 2023 849 2064 dentibus
880 2029 952 2065 est.
994 2023 1070 2064 Hic
1101 2023 1233 2064 dentis
1264 2022 1570 2075 sesquipedalis.

191 2093 309 2137 Libri
341 2094 535 2150 plerique
577 2093 784 2137 exhibent
817 2096 947 2137 dentis
983 2108 1150 2149 seseque
1182 2094 1353 2145 dedalis‚
1387 2091 1426 2134 D
1459 2095 1590 2136 dentis
1621 2095 1693 2136 hos
1734 2091 1738 2093 ’

189 2169 513 2222 sexquipedalis,
563 2181 743 2223 quocum
786 2168 829 2209 et
866 2167 979 2210 Ricc.
1021 2170 1064 2209 et
1106 2182 1130 2208 a
1165 2165 1351 2218 faciunt,
1392 2165 1476 2209 nisi
1507 2166 1618 2222 quod
1649 2166 1692 2207 in

189 2238 304 2282 Ricc.
337 2254 396 2292 o,s‚
429 2239 474 2282 in
507 2255 531 2281 a
564 2253 609 2282 os
641 2253 762 2294 esque
793 2239 954 2293 pedalis
986 2238 1192 2294 scriptum
1226 2240 1303 2281 est.
1366 2237 1562 2281 Editores
1594 2239 1693 2294 post

190 2311 455 2354 Lachmanni
494 2313 683 2355 aetatem
727 2325 875 2353 omnes
924 2311 1199 2353 retinuerunt
1239 2325 1382 2353 vocem
1414 2325 1480 2360 0s3
1521 2313 1564 2352 et
1601 2310 1692 2352 iure

190 2383 271 2426 hoc
303 2383 502 2427 videntur
535 2383 702 2426 fecisse:
744 2383 1024 2438 oppositionis
1054 2397 1182 2426 causa
1214 2382 1326 2425 enim
1359 2398 1408 2426 ea
1445 2382 1691 2438 requiritur.
1737 2384 1741 2389 '

192 2454 273 2497 Sed
322 2456 396 2498 alii
450 2455 533 2498 alio
589 2456 680 2498 loco
734 2470 824 2498 eam
866 2457 1120 2510 posuerunt,
1174 2454 1469 2498 Froehlichius
1508 2454 1692 2511 Heysius

191 2525 440 2570 Schwabius
473 2527 757 2571 Baehrensius
790 2541 957 2570 versum
990 2526 1049 2568 sic
1079 2527 1293 2570 scribunt:

404 2601 510 2642 Nam
542 2603 626 2643 sine
659 2602 844 2643 dentibus
875 2607 945 2643 est.
1003 2601 1058 2643 Os
1090 2602 1225 2643 dentis
1257 2600 1567 2654 sesquipedalis.

190 2671 334 2727 Atque
367 2672 473 2715 duae
506 2686 656 2715 causae
688 2672 886 2715 videntur
918 2671 1101 2728 cogitari
1132 2686 1266 2728 posse,
1304 2671 1458 2727 quibus
1489 2670 1691 2713 commoti

190 2743 250 2786 sic
288 2743 556 2787 scribendum
604 2758 692 2786 esse
737 2746 953 2786 censeant:
1008 2746 1084 2786 aut
1123 2745 1235 2786 enim
1274 2745 1537 2799 putaverunt
1589 2743 1690 2785 sub·

190 2815 428 2859 stantivum
476 2831 521 2858 os
562 2830 638 2871 per
678 2829 863 2858 errorem
903 2817 1119 2858 mutatum
1158 2830 1246 2858 esse
1282 2815 1326 2858 in
1359 2829 1502 2857 vocem
1534 2815 1600 2856 hic
1635 2838 1687 2844 —-
