1950 3256
801 522 907 588 Vi
935 528 1053 591 ta.

114 808 117 811 ,
287 759 494 803 Rudolfus
529 760 733 803 Albertus
766 759 1009 804 Theodorus
1044 759 1198 816 Sydow
1238 763 1362 804 natus
1401 776 1493 804 sum
1527 759 1670 805 Sedini

167 838 206 880 d.
253 837 297 880 II
342 853 397 882 m.
446 836 644 881 Octobris
693 855 731 883 a.
781 841 821 882 h.
861 855 891 882 s.
936 837 1056 881 LVII
1103 840 1227 894 patre
1275 837 1483 893 Rudolfo,
1532 842 1671 882 matre

169 916 366 972 Augusta
403 931 425 958 e
472 919 601 973 gente
644 915 914 973 Seegeriana‚
952 932 1057 972 quos
1099 917 1237 960 adhuc
1280 917 1531 972 superstites
1583 932 1671 960 esse

166 994 343 1051 gaudeo.
407 993 507 1037 Fide
541 994 770 1038 institutus
802 1010 894 1037 sum
934 995 1191 1051 evangelica.
1259 994 1337 1037 Per
1377 996 1536 1050 primos
1567 1010 1671 1051 pue-

166 1071 292 1114 ritiae
332 1086 466 1115 annos
511 1073 682 1129 privata
714 1073 938 1129 disciplina
971 1073 1197 1116 institutus
1245 1088 1358 1116 anno
1391 1073 1432 1116 h.
1465 1088 1497 1117 s,
1531 1072 1670 1116 LXIX

165 1152 210 1194 in
249 1155 450 1209 quartam
482 1152 661 1195 classem
698 1155 892 1207 receptus
925 1166 1016 1193 sum
1050 1151 1264 1209 gymnasii
1296 1151 1564 1207 municipalis
1596 1151 1671 1195 Se-

165 1230 370 1282 dinensis‚
420 1229 531 1285 quod
579 1244 655 1286 per
709 1244 782 1273 sex
830 1244 964 1273 annos
1017 1233 1060 1272 et
1111 1229 1331 1273 dimidium
1384 1228 1669 1285 frequentavi.

166 1307 519 1363 Praeceptor-ibus
551 1308 610 1351 ibi
652 1323 752 1351 usus
792 1323 886 1351 sum
917 1308 1301 1363 praestantissimis
1337 1310 1382 1351 et
1414 1309 1670 1352 benevolen-

163 1386 354 1438 tissimis‚
388 1386 462 1442 qui
494 1387 626 1430 etiam
666 1389 763 1442 post
800 1388 1027 1431 discessum
1060 1401 1202 1430 meum
1233 1401 1398 1442 semper
1430 1387 1671 1430 studiorum

165 1479 354 1507 meorum
402 1465 590 1508 fautores
639 1480 682 1508 se
730 1465 1035 1521 praebuerunt.
1106 1463 1376 1509 Maturitatis
1425 1464 1671 1507 testimonio

163 1544 398 1586 instructus
436 1543 761 1586 universitatem
810 1543 1034 1586 literarum
1081 1541 1395 1586 Berolinensem
1436 1542 1520 1586 adii
1558 1541 1669 1585 eius·
1720 1587 1736 1595 ,

163 1637 245 1678 que
284 1621 446 1664 civibus
486 1621 725 1676 adscriptus
766 1635 841 1675 per
880 1622 1010 1664 octies
1057 1635 1128 1664 sex
1178 1635 1338 1664 menses
1379 1620 1544 1663 scholas
1583 1619 1668 1662 fre-

163 1700 368 1756 quentavi
409 1699 595 1742 virorum
644 1699 975 1741 clarissimorum
1016 1697 1156 1741 Curtii
1189 1698 1428 1741 Dillmanui
1461 1698 1668 1753 Droyseni

163 1776 336 1834 Geigeri
376 1777 567 1820 Harmsii
609 1775 827 1819 Huebneri
864 1776 1122 1819 Kirchhoffii
1163 1775 1416 1819 Mommseni
1456 1775 1668 1818 Muellen-

162 1855 284 1897 hoffii
318 1855 514 1898 Paulseni
548 1856 599 1898 (le
631 1853 889 1897 Treitschkii
924 1853 1112 1898 Vahleni
1142 1854 1467 1897 Wattenbachii
1499 1851 1666 1895 Zelleri.

162 1932 386 1976 Seminarii
420 1933 630 1990 philologi
662 1948 737 1988 per
769 1936 921 1988 quater
953 1947 1026 1975 sex
1060 1947 1221 1975 meuses
1252 1932 1406 1975 sodalis
1427 1931 1668 1974 ordinarius

163 2010 422 2056 Kirchhoffii
453 2015 496 2054 et
529 2010 716 2054 Vahleni
755 2010 948 2053 doctrina
988 2010 1152 2053 fruct-us
1191 2026 1296 2054 sum.
1362 2010 1427 2052 Ad
1459 2008 1668 2052 exercita·
1728 2000 1729 2003 ¹

162 2089 297 2132 tiones
328 2090 385 2131 ab*
419 2089 522 2144 ipsis
558 2089 799 2131 moderatas
840 2087 1092 2131 Huebnerus
1124 2087 1417 2131 Kirchhoffius
1458 2086 1668 2129 Muellen-

162 2166 319 2210 hoffius
348 2166 570 2210 Vahlenus
618 2165 784 2209 aditum
831 2165 938 2208 mihi
985 2167 1169 2223 benigne
1217 2166 1527 2210 concesserunt.
1590 2162 1668 2206 His

162 2243 265 2286 viris
296 2245 490 2287 omnibus
533 2247 580 2287 ut
612 2245 786 2301 egregia
822 2246 923 2286 sunt
956 2259 1101 2286 eorum
1134 2243 1184 2285 de
1218 2257 1285 2285 me
1318 2243 1471 2285 merita
1503 2241 1666 2298 gratias

164 2336 244 2377 ago
278 2322 607 2366 candidissimas.
