<?xml version="1.0" encoding="UTF-8"?>
<!DOCTYPE html PUBLIC "-//W3C//DTD XHTML 1.0 Transitional//EN"
    "http://www.w3.org/TR/xhtml1/DTD/xhtml1-transitional.dtd">
<html xmlns="http://www.w3.org/1999/xhtml" xml:lang="en" lang="en">
 <head>
  <title>
</title>
<meta http-equiv="Content-Type" content="text/html;charset=utf-8" />
  <meta name='ocr-system' content='tesseract 3.04.00' />
  <meta name='ocr-capabilities' content='ocr_page ocr_carea ocr_par ocr_line ocrx_word'/>
</head>
<body>
  <div class='ocr_page' id='page_1' title='image "./derecensendiscat00sydouoft_0074.png"; bbox 0 0 1950 3256; ppageno 0'>
   <div class='ocr_carea' id='block_1_1' title="bbox 975 183 1030 226">
    <p class='ocr_par' dir='ltr' id='par_1_1' title="bbox 975 183 1030 226">
     <span class='ocr_line' id='line_1_1' title="bbox 975 183 1030 226; baseline 0.018 -1"><span class='ocrx_word' id='word_1_1' title='bbox 975 183 1030 226; x_wconf 88' lang='grc'>68</span> 
     </span>
    </p>
   </div>
   <div class='ocr_carea' id='block_1_2' title="bbox 230 299 1751 2886">
    <p class='ocr_par' dir='ltr' id='par_1_2' title="bbox 241 299 1751 779">
     <span class='ocr_line' id='line_1_2' title="bbox 241 299 1749 359; baseline 0.007 -17"><span class='ocrx_word' id='word_1_2' title='bbox 241 299 361 350; x_wconf 83' lang='lat' dir='ltr'>Quod</span> <span class='ocrx_word' id='word_1_3' title='bbox 393 301 428 342; x_wconf 86' lang='lat' dir='ltr'>si</span> <span class='ocrx_word' id='word_1_4' title='bbox 463 316 607 344; x_wconf 86' lang='lat' dir='ltr'>verum</span> <span class='ocrx_word' id='word_1_5' title='bbox 640 303 717 353; x_wconf 87' lang='lat' dir='ltr'>est,</span> <span class='ocrx_word' id='word_1_6' title='bbox 751 302 933 344; x_wconf 87' lang='lat' dir='ltr'>scribere</span> <span class='ocrx_word' id='word_1_7' title='bbox 971 303 1070 345; x_wconf 87' lang='lat' dir='ltr'>licet</span> <span class='ocrx_word' id='word_1_8' title='bbox 1101 307 1177 345; x_wconf 87' lang='lat' dir='ltr'>aut</span> <span class='ocrx_word' id='word_1_9' title='bbox 1198 308 1322 359; x_wconf 69' lang='lat' dir='ltr'>qums</span> <span class='ocrx_word' id='word_1_10' title='bbox 1344 309 1536 350; x_wconf 74' lang='lat' dir='ltr'>abstersti</span> <span class='ocrx_word' id='word_1_11' title='bbox 1566 310 1642 351; x_wconf 86' lang='lat' dir='ltr'>aut</span> <span class='ocrx_word' id='word_1_12' title='bbox 1667 311 1749 352; x_wconf 84' lang='lat' dir='ltr'>ab-</span> 
     </span>
     <span class='ocr_line' id='line_1_3' title="bbox 241 373 1746 438; baseline 0.007 -24"><span class='ocrx_word' id='word_1_13' title='bbox 241 376 379 416; x_wconf 74' lang='lat' dir='ltr'>stersti</span> <span class='ocrx_word' id='word_1_14' title='bbox 414 376 551 428; x_wconf 72' lang='lat' dir='ltr'>ymas.</span> <span class='ocrx_word' id='word_1_15' title='bbox 598 373 785 424; x_wconf 77' lang='lat' dir='ltr'>Quorum</span> <span class='ocrx_word' id='word_1_16' title='bbox 825 376 972 417; x_wconf 88' lang='lat' dir='ltr'>utrum</span> <span class='ocrx_word' id='word_1_17' title='bbox 1003 375 1232 432; x_wconf 79' lang='lat' dir='ltr'>eligamus,</span> <span class='ocrx_word' id='word_1_18' title='bbox 1274 379 1430 433; x_wconf 78' lang='lat' dir='ltr'>pendet</span> <span class='ocrx_word' id='word_1_19' title='bbox 1464 394 1515 422; x_wconf 88' lang='lat' dir='ltr'>ex</span> <span class='ocrx_word' id='word_1_20' title='bbox 1548 396 1609 434; x_wconf 91' lang='lat' dir='ltr'>eo,</span> <span class='ocrx_word' id='word_1_21' title='bbox 1643 382 1746 438; x_wconf 85' lang='lat' dir='ltr'>quid</span> 
     </span>
     <span class='ocr_line' id='line_1_4' title="bbox 243 440 1751 510; baseline 0.008 -24"><span class='ocrx_word' id='word_1_22' title='bbox 243 444 476 488; x_wconf 84' lang='lat' dir='ltr'>iudicemus</span> <span class='ocrx_word' id='word_1_23' title='bbox 508 445 558 488; x_wconf 87' lang='lat' dir='ltr'>de</span> <span class='ocrx_word' id='word_1_24' title='bbox 591 446 733 489; x_wconf 86' lang='lat' dir='ltr'>hiatu:</span> <span class='ocrx_word' id='word_1_25' title='bbox 769 449 915 488; x_wconf 91' lang='lat' dir='ltr'>utrum</span> <span class='ocrx_word' id='word_1_26' title='bbox 938 440 1156 490; x_wconf 81' lang='lat' dir='ltr'>Catullum</span> <span class='ocrx_word' id='word_1_27' title='bbox 1191 463 1283 491; x_wconf 88' lang='lat' dir='ltr'>eum</span> <span class='ocrx_word' id='word_1_28' title='bbox 1317 450 1362 493; x_wconf 89' lang='lat' dir='ltr'>in</span> <span class='ocrx_word' id='word_1_29' title='bbox 1395 466 1612 496; x_wconf 85' lang='lat' dir='ltr'>caesuram</span> <span class='ocrx_word' id='word_1_30' title='bbox 1645 468 1751 510; x_wconf 87' lang='lat' dir='ltr'>pen-</span> 
     </span>
     <span class='ocr_line' id='line_1_5' title="bbox 242 518 1750 569; baseline 0.007 -11"><span class='ocrx_word' id='word_1_31' title='bbox 242 518 417 560; x_wconf 87' lang='lat' dir='ltr'>tametri</span> <span class='ocrx_word' id='word_1_32' title='bbox 458 518 675 562; x_wconf 83' lang='lat' dir='ltr'><strong>admisisse</strong></span> <span class='ocrx_word' id='word_1_33' title='bbox 713 533 954 562; x_wconf 81' lang='lat' dir='ltr'>censeamus</span> <span class='ocrx_word' id='word_1_34' title='bbox 1004 535 1147 563; x_wconf 89' lang='lat' dir='ltr'>necne.</span> <span class='ocrx_word' id='word_1_35' title='bbox 1227 521 1420 565; x_wconf 73' lang='lat' dir='ltr'>Pertinet</span> <span class='ocrx_word' id='word_1_36' title='bbox 1459 527 1604 567; x_wconf 87' lang='lat' dir='ltr'>autem</span> <span class='ocrx_word' id='word_1_37' title='bbox 1644 526 1750 569; x_wconf 83' lang='lat' dir='ltr'>haec</span> 
     </span>
     <span class='ocr_line' id='line_1_6' title="bbox 242 588 1747 647; baseline 0.007 -17"><span class='ocrx_word' id='word_1_38' title='bbox 242 589 292 631; x_wconf 89' lang='lat' dir='ltr'>‹le</span> <span class='ocrx_word' id='word_1_39' title='bbox 327 588 451 632; x_wconf 88' lang='lat' dir='ltr'>hiatu</span> <span class='ocrx_word' id='word_1_40' title='bbox 491 591 684 646; x_wconf 86' lang='lat' dir='ltr'>quaestio</span> <span class='ocrx_word' id='word_1_41' title='bbox 719 606 800 633; x_wconf 91' lang='lat' dir='ltr'>non</span> <span class='ocrx_word' id='word_1_42' title='bbox 835 591 972 635; x_wconf 87' lang='lat' dir='ltr'>solum</span> <span class='ocrx_word' id='word_1_43' title='bbox 1004 593 1053 635; x_wconf 87' lang='lat' dir='ltr'>ad</span> <span class='ocrx_word' id='word_1_44' title='bbox 1091 591 1201 635; x_wconf 88' lang='lat' dir='ltr'>hunc</span> <span class='ocrx_word' id='word_1_45' title='bbox 1234 594 1386 647; x_wconf 85' lang='lat' dir='ltr'>locum,</span> <span class='ocrx_word' id='word_1_46' title='bbox 1430 596 1500 639; x_wconf 86' lang='lat' dir='ltr'>sed</span> <span class='ocrx_word' id='word_1_47' title='bbox 1534 597 1663 641; x_wconf 89' lang='lat' dir='ltr'>etiam</span> <span class='ocrx_word' id='word_1_48' title='bbox 1695 598 1747 641; x_wconf 85' lang='lat' dir='ltr'>ad</span> 
     </span>
     <span class='ocr_line' id='line_1_7' title="bbox 243 663 1746 718; baseline 0.005 -13"><span class='ocrx_word' id='word_1_49' title='bbox 243 663 432 717; x_wconf 87' lang='lat' dir='ltr'>quinque</span> <span class='ocrx_word' id='word_1_50' title='bbox 457 663 576 715; x_wconf 82' lang='lat' dir='ltr'>alios,</span> <span class='ocrx_word' id='word_1_51' title='bbox 610 678 792 718; x_wconf 88' lang='lat' dir='ltr'>quorum</span> <span class='ocrx_word' id='word_1_52' title='bbox 815 679 898 706; x_wconf 90' lang='lat' dir='ltr'>uno</span> <span class='ocrx_word' id='word_1_53' title='bbox 921 664 1069 707; x_wconf 88' lang='lat' dir='ltr'>itidem</span> <span class='ocrx_word' id='word_1_54' title='bbox 1091 666 1252 709; x_wconf 89' lang='lat' dir='ltr'>codices</span> <span class='ocrx_word' id='word_1_55' title='bbox 1273 667 1387 710; x_wconf 87' lang='lat' dir='ltr'>inter</span> <span class='ocrx_word' id='word_1_56' title='bbox 1411 683 1454 711; x_wconf 88' lang='lat' dir='ltr'>se</span> <span class='ocrx_word' id='word_1_57' title='bbox 1476 669 1746 714; x_wconf 86' lang='lat' dir='ltr'>dissentiunt.</span> 
     </span>
     <span class='ocr_line' id='line_1_8' title="bbox 241 733 1004 779; baseline 0.005 -4"><span class='ocrx_word' id='word_1_58' title='bbox 241 733 320 776; x_wconf 84' lang='lat' dir='ltr'>Est</span> <span class='ocrx_word' id='word_1_59' title='bbox 350 735 387 777; x_wconf 84' lang='lat' dir='ltr'>is</span> <span class='ocrx_word' id='word_1_60' title='bbox 419 749 565 778; x_wconf 82' lang='lat' dir='ltr'>versus</span> <span class='ocrx_word' id='word_1_61' title='bbox 601 736 657 778; x_wconf 89' lang='lat'>10</span> <span class='ocrx_word' id='word_1_62' title='bbox 688 735 890 779; x_wconf 84' lang='lat' dir='ltr'>carminis</span> <span class='ocrx_word' id='word_1_63' title='bbox 923 737 1004 779; x_wconf 78' lang='lat'>76:</span> 
     </span>
    </p>

    <p class='ocr_par' dir='ltr' id='par_1_3' title="bbox 239 808 1746 1080">
     <span class='ocr_line' id='line_1_9' title="bbox 459 808 1375 872; baseline 0.005 -23"><span class='ocrx_word' id='word_1_64' title='bbox 459 808 598 858; x_wconf 83' lang='lat' dir='ltr'>Quare</span> <span class='ocrx_word' id='word_1_65' title='bbox 630 822 704 850; x_wconf 89' lang='lat' dir='ltr'>cur</span> <span class='ocrx_word' id='word_1_66' title='bbox 738 815 775 851; x_wconf 83' lang='lat' dir='ltr'>te</span> <span class='ocrx_word' id='word_1_67' title='bbox 806 812 889 851; x_wconf 76' lang='lat' dir='ltr'>iam</span> <span class='ocrx_word' id='word_1_68' title='bbox 923 812 1099 864; x_wconf 81' lang='lat' dir='ltr'>amplius</span> <span class='ocrx_word' id='word_1_69' title='bbox 1131 814 1375 872; x_wconf 71' lang='lat' dir='ltr'>excrucies?</span> 
     </span>
     <span class='ocr_line' id='line_1_10' title="bbox 241 877 1746 942; baseline 0.006 -22"><span class='ocrx_word' id='word_1_70' title='bbox 241 877 310 921; x_wconf 81' lang='lat' dir='ltr'>Sic</span> <span class='ocrx_word' id='word_1_71' title='bbox 357 879 467 921; x_wconf 85' lang='lat' dir='ltr'>enim</span> <span class='ocrx_word' id='word_1_72' title='bbox 516 879 558 921; x_wconf 89' lang='lat' dir='ltr'>in</span> <span class='ocrx_word' id='word_1_73' title='bbox 599 879 635 922; x_wconf 94' lang='grc' dir='ltr'>Ο</span> <span class='ocrx_word' id='word_1_74' title='bbox 682 884 726 923; x_wconf 87' lang='lat' dir='ltr'>et</span> <span class='ocrx_word' id='word_1_75' title='bbox 764 880 799 923; x_wconf 84' lang='lat' dir='ltr'>G</span> <span class='ocrx_word' id='word_1_76' title='bbox 842 884 885 924; x_wconf 90' lang='lat' dir='ltr'>et</span> <span class='ocrx_word' id='word_1_77' title='bbox 922 882 1136 937; x_wconf 85' lang='lat' dir='ltr'>plerisque</span> <span class='ocrx_word' id='word_1_78' title='bbox 1176 883 1388 926; x_wconf 75' lang='lat' dir='ltr'>codicibus</span> <span class='ocrx_word' id='word_1_79' title='bbox 1429 886 1634 942; x_wconf 89' lang='lat' dir='ltr'>scriptum</span> <span class='ocrx_word' id='word_1_80' title='bbox 1668 889 1746 930; x_wconf 83' lang='lat' dir='ltr'>est.</span> 
     </span>
     <span class='ocr_line' id='line_1_11' title="bbox 239 950 1746 1001; baseline 0.007 -9"><span class='ocrx_word' id='word_1_81' title='bbox 239 950 436 995; x_wconf 86' lang='lat' dir='ltr'>Datanus</span> <span class='ocrx_word' id='word_1_82' title='bbox 468 966 563 995; x_wconf 88' lang='lat' dir='ltr'>cum</span> <span class='ocrx_word' id='word_1_83' title='bbox 605 953 776 996; x_wconf 88' lang='lat' dir='ltr'>asseclis</span> <span class='ocrx_word' id='word_1_84' title='bbox 815 954 900 998; x_wconf 90' lang='lat' dir='ltr'>suis</span> <span class='ocrx_word' id='word_1_85' title='bbox 933 969 1078 997; x_wconf 86' lang='lat' dir='ltr'>rursus</span> <span class='ocrx_word' id='word_1_86' title='bbox 1115 955 1248 998; x_wconf 90' lang='lat' dir='ltr'>alium</span> <span class='ocrx_word' id='word_1_87' title='bbox 1290 957 1516 1000; x_wconf 88' lang='lat' dir='ltr'>verborum</span> <span class='ocrx_word' id='word_1_88' title='bbox 1556 958 1746 1001; x_wconf 85' lang='lat' dir='ltr'>ordinem</span> 
     </span>
     <span class='ocr_line' id='line_1_12' title="bbox 243 1022 968 1080; baseline 0.006 -15"><span class='ocrx_word' id='word_1_89' title='bbox 243 1022 430 1076; x_wconf 78' lang='lat' dir='ltr'>exhibet,</span> <span class='ocrx_word' id='word_1_90' title='bbox 464 1038 548 1080; x_wconf 89' lang='lat' dir='ltr'>quo</span> <span class='ocrx_word' id='word_1_91' title='bbox 581 1023 726 1068; x_wconf 84' lang='lat' dir='ltr'>hiatus</span> <span class='ocrx_word' id='word_1_92' title='bbox 758 1026 968 1069; x_wconf 87' lang='lat' dir='ltr'>evitatur:</span> 
     </span>
    </p>

    <p class='ocr_par' dir='ltr' id='par_1_4' title="bbox 240 1099 1610 1227">
     <span class='ocr_line' id='line_1_13' title="bbox 460 1099 1360 1155; baseline 0.004 -16"><span class='ocrx_word' id='word_1_93' title='bbox 460 1099 600 1150; x_wconf 83' lang='lat' dir='ltr'>Quare</span> <span class='ocrx_word' id='word_1_94' title='bbox 632 1101 717 1141; x_wconf 83' lang='lat' dir='ltr'>iam</span> <span class='ocrx_word' id='word_1_95' title='bbox 749 1105 786 1141; x_wconf 79' lang='lat' dir='ltr'>te</span> <span class='ocrx_word' id='word_1_96' title='bbox 819 1114 893 1141; x_wconf 86' lang='lat' dir='ltr'>cur</span> <span class='ocrx_word' id='word_1_97' title='bbox 925 1103 1102 1155; x_wconf 74' lang='lat' dir='ltr'>amplius</span> <span class='ocrx_word' id='word_1_98' title='bbox 1134 1104 1360 1144; x_wconf 74' lang='lat' dir='ltr'>excrucies.</span> 
     </span>
     <span class='ocr_line' id='line_1_14' title="bbox 240 1166 1610 1227; baseline 0.006 -17"><span class='ocrx_word' id='word_1_99' title='bbox 240 1166 386 1211; x_wconf 83' lang='lat' dir='ltr'>Ceteri</span> <span class='ocrx_word' id='word_1_100' title='bbox 416 1172 624 1224; x_wconf 86' lang='lat' dir='ltr'>quattuor</span> <span class='ocrx_word' id='word_1_101' title='bbox 656 1171 738 1214; x_wconf 86' lang='lat' dir='ltr'>loci</span> <span class='ocrx_word' id='word_1_102' title='bbox 771 1174 873 1214; x_wconf 85' lang='lat' dir='ltr'>sunt</span> <span class='ocrx_word' id='word_1_103' title='bbox 907 1172 1052 1224; x_wconf 87' lang='lat'>66,48.</span> <span class='ocrx_word' id='word_1_104' title='bbox 1090 1173 1264 1225; x_wconf 85' lang='lat'><strong>68‚158.</strong></span> <span class='ocrx_word' id='word_1_105' title='bbox 1299 1174 1415 1227; x_wconf 84' lang='lat'><strong>97‚2.</strong></span> <span class='ocrx_word' id='word_1_106' title='bbox 1451 1174 1610 1227; x_wconf 85' lang='lat'><strong>67‚44:</strong></span> 
     </span>
    </p>

    <p class='ocr_par' dir='ltr' id='par_1_5' title="bbox 454 1245 1480 1301">
     <span class='ocr_line' id='line_1_15' title="bbox 454 1245 1480 1301; baseline 0.004 -16"><span class='ocrx_word' id='word_1_107' title='bbox 454 1245 655 1298; x_wconf 77' lang='lat' dir='ltr'>Iuppiter,</span> <span class='ocrx_word' id='word_1_108' title='bbox 688 1251 732 1286; x_wconf 79' lang='lat' dir='ltr'>ut</span> <span class='ocrx_word' id='word_1_109' title='bbox 767 1246 990 1301; x_wconf 76' lang='lat' dir='ltr'>Chalybum</span> <span class='ocrx_word' id='word_1_110' title='bbox 1024 1261 1139 1288; x_wconf 79' lang='lat' dir='ltr'>omne</span> <span class='ocrx_word' id='word_1_111' title='bbox 1170 1261 1296 1301; x_wconf 73' lang='lat' dir='ltr'>yenus</span> <span class='ocrx_word' id='word_1_112' title='bbox 1326 1254 1480 1301; x_wconf 81' lang='lat' dir='ltr'>pereat.</span> 
     </span>
    </p>

    <p class='ocr_par' dir='ltr' id='par_1_6' title="bbox 456 1318 1347 1373">
     <span class='ocr_line' id='line_1_16' title="bbox 456 1318 1347 1373; baseline 0.006 -16"><span class='ocrx_word' id='word_1_113' title='bbox 456 1318 491 1357; x_wconf 88' lang='lat' dir='ltr'><strong><em>A</em></strong></span> <span class='ocrx_word' id='word_1_114' title='bbox 524 1331 603 1371; x_wconf 85' lang='lat' dir='ltr'>quo</span> <span class='ocrx_word' id='word_1_115' title='bbox 634 1323 728 1360; x_wconf 80' lang='lat' dir='ltr'>sunt</span> <span class='ocrx_word' id='word_1_116' title='bbox 759 1321 893 1373; x_wconf 73' lang='lat' dir='ltr'>primo</span> <span class='ocrx_word' id='word_1_117' title='bbox 926 1321 1063 1361; x_wconf 80' lang='lat' dir='ltr'>omnia</span> <span class='ocrx_word' id='word_1_118' title='bbox 1094 1325 1196 1362; x_wconf 80' lang='lat' dir='ltr'>nata</span> <span class='ocrx_word' id='word_1_119' title='bbox 1229 1321 1347 1362; x_wconf 79' lang='lat' dir='ltr'>bono.</span> 
     </span>
    </p>

    <p class='ocr_par' dir='ltr' id='par_1_7' title="bbox 457 1390 1399 1446">
     <span class='ocr_line' id='line_1_17' title="bbox 457 1390 1399 1446; baseline 0.004 -16"><span class='ocrx_word' id='word_1_120' title='bbox 457 1390 598 1431; x_wconf 83' lang='lat' dir='ltr'>Utrum</span> <span class='ocrx_word' id='word_1_121' title='bbox 631 1405 676 1432; x_wconf 86' lang='lat' dir='ltr'>os</span> <span class='ocrx_word' id='word_1_122' title='bbox 709 1404 764 1433; x_wconf 84' lang='lat' dir='ltr'>an</span> <span class='ocrx_word' id='word_1_123' title='bbox 797 1393 930 1433; x_wconf 87' lang='lat' dir='ltr'>culum</span> <span class='ocrx_word' id='word_1_124' title='bbox 962 1393 1183 1446; x_wconf 79' lang='lat' dir='ltr'>olfacerem</span> <span class='ocrx_word' id='word_1_125' title='bbox 1216 1392 1399 1434; x_wconf 79' lang='lat' dir='ltr'>Aemilio.</span> 
     </span>
    </p>

    <p class='ocr_par' dir='ltr' id='par_1_8' title="bbox 237 1462 1744 1734">
     <span class='ocr_line' id='line_1_18' title="bbox 454 1462 1417 1518; baseline 0.004 -16"><span class='ocrx_word' id='word_1_126' title='bbox 454 1462 599 1515; x_wconf 82' lang='lat' dir='ltr'>Speret</span> <span class='ocrx_word' id='word_1_127' title='bbox 632 1477 706 1505; x_wconf 82' lang='lat' dir='ltr'>nec</span> <span class='ocrx_word' id='word_1_128' title='bbox 737 1465 917 1518; x_wconf 70' lang='lat' dir='ltr'>linquam</span> <span class='ocrx_word' id='word_1_129' title='bbox 950 1478 1036 1506; x_wconf 84' lang='lat' dir='ltr'>esse</span> <span class='ocrx_word' id='word_1_130' title='bbox 1068 1479 1141 1506; x_wconf 80' lang='lat' dir='ltr'>nec</span> <span class='ocrx_word' id='word_1_131' title='bbox 1175 1466 1417 1506; x_wconf 79' lang='lat' dir='ltr'>auriculam.</span> 
     </span>
     <span class='ocr_line' id='line_1_19' title="bbox 237 1533 1744 1591; baseline 0.001 -15"><span class='ocrx_word' id='word_1_132' title='bbox 237 1533 425 1583; x_wconf 81' lang='lat' dir='ltr'>Quorum</span> <span class='ocrx_word' id='word_1_133' title='bbox 474 1536 617 1576; x_wconf 86' lang='lat' dir='ltr'>tamen</span> <span class='ocrx_word' id='word_1_134' title='bbox 665 1549 686 1577; x_wconf 92' lang='lat' dir='ltr'>e</span> <span class='ocrx_word' id='word_1_135' title='bbox 733 1549 910 1578; x_wconf 85' lang='lat' dir='ltr'>numero</span> <span class='ocrx_word' id='word_1_136' title='bbox 959 1538 1138 1591; x_wconf 84' lang='lat' dir='ltr'>quartus</span> <span class='ocrx_word' id='word_1_137' title='bbox 1186 1536 1461 1579; x_wconf 88' lang='lat' dir='ltr'>removendus</span> <span class='ocrx_word' id='word_1_138' title='bbox 1506 1537 1584 1586; x_wconf 91' lang='lat' dir='ltr'>est,</span> <span class='ocrx_word' id='word_1_139' title='bbox 1632 1535 1744 1590; x_wconf 90' lang='lat' dir='ltr'>quod</span> 
     </span>
     <span class='ocr_line' id='line_1_20' title="bbox 237 1606 1743 1664; baseline 0.001 -16"><span class='ocrx_word' id='word_1_140' title='bbox 237 1606 543 1662; x_wconf 82' lang='lat' dir='ltr'>grammaticae</span> <span class='ocrx_word' id='word_1_141' title='bbox 583 1607 743 1664; x_wconf 89' lang='lat' dir='ltr'>regulis</span> <span class='ocrx_word' id='word_1_142' title='bbox 782 1611 825 1650; x_wconf 91' lang='lat' dir='ltr'>et</span> <span class='ocrx_word' id='word_1_143' title='bbox 856 1607 1096 1651; x_wconf 88' lang='lat' dir='ltr'>sententiae</span> <span class='ocrx_word' id='word_1_144' title='bbox 1137 1608 1303 1651; x_wconf 87' lang='lat' dir='ltr'>ratione</span> <span class='ocrx_word' id='word_1_145' title='bbox 1335 1606 1629 1650; x_wconf 86' lang='lat' dir='ltr'>coniunctivus</span> <span class='ocrx_word' id='word_1_146' title='bbox 1661 1607 1743 1650; x_wconf 90' lang='lat' dir='ltr'>im-</span> 
     </span>
     <span class='ocr_line' id='line_1_21' title="bbox 237 1677 1741 1734; baseline 0.001 -13"><span class='ocrx_word' id='word_1_147' title='bbox 237 1677 415 1733; x_wconf 81' lang='lat' dir='ltr'>perfecti</span> <span class='ocrx_word' id='word_1_148' title='bbox 449 1678 714 1733; x_wconf 61' lang='lat' dir='ltr'>postulatum</span> <span class='ocrx_word' id='word_1_149' title='bbox 747 1685 831 1734; x_wconf 86' lang='lat' dir='ltr'>quo</span> <span class='ocrx_word' id='word_1_150' title='bbox 864 1680 1066 1723; x_wconf 85' lang='lat' dir='ltr'>restituto</span> <span class='ocrx_word' id='word_1_151' title='bbox 1100 1680 1184 1723; x_wconf 88' lang='lat' dir='ltr'>iam</span> <span class='ocrx_word' id='word_1_152' title='bbox 1220 1680 1358 1723; x_wconf 87' lang='lat' dir='ltr'>hiatui</span> <span class='ocrx_word' id='word_1_153' title='bbox 1391 1679 1507 1722; x_wconf 85' lang='lat' dir='ltr'>locus</span> <span class='ocrx_word' id='word_1_154' title='bbox 1539 1693 1624 1722; x_wconf 89' lang='lat' dir='ltr'>non</span> <span class='ocrx_word' id='word_1_155' title='bbox 1657 1681 1741 1722; x_wconf 86' lang='lat' dir='ltr'>est:</span> 
     </span>
    </p>

    <p class='ocr_par' dir='ltr' id='par_1_9' title="bbox 235 1751 1742 2010">
     <span class='ocr_line' id='line_1_22' title="bbox 453 1751 1498 1806; baseline 0.003 -15"><span class='ocrx_word' id='word_1_156' title='bbox 453 1751 686 1805; x_wconf 81' lang='lat' dir='ltr'>Speraret</span> <span class='ocrx_word' id='word_1_157' title='bbox 717 1767 790 1794; x_wconf 81' lang='lat' dir='ltr'>nec</span> <span class='ocrx_word' id='word_1_158' title='bbox 822 1754 1001 1806; x_wconf 71' lang='lat' dir='ltr'>linquam</span> <span class='ocrx_word' id='word_1_159' title='bbox 1034 1767 1119 1795; x_wconf 86' lang='lat' dir='ltr'>esse</span> <span class='ocrx_word' id='word_1_160' title='bbox 1151 1767 1225 1795; x_wconf 81' lang='lat' dir='ltr'>nec</span> <span class='ocrx_word' id='word_1_161' title='bbox 1257 1754 1498 1794; x_wconf 74' lang='lat' dir='ltr'>auriculam.</span> 
     </span>
     <span class='ocr_line' id='line_1_23' title="bbox 237 1820 1742 1880; baseline 0.001 -16"><span class='ocrx_word' id='word_1_162' title='bbox 237 1820 319 1864; x_wconf 83' lang='lat' dir='ltr'>Sed</span> <span class='ocrx_word' id='word_1_163' title='bbox 366 1822 495 1865; x_wconf 89' lang='lat' dir='ltr'>etiam</span> <span class='ocrx_word' id='word_1_164' title='bbox 541 1823 692 1866; x_wconf 88' lang='lat' dir='ltr'>ceteris</span> <span class='ocrx_word' id='word_1_165' title='bbox 724 1824 863 1867; x_wconf 91' lang='lat' dir='ltr'>tribus</span> <span class='ocrx_word' id='word_1_166' title='bbox 901 1824 1016 1875; x_wconf 89' lang='lat' dir='ltr'>locis,</span> <span class='ocrx_word' id='word_1_167' title='bbox 1059 1839 1318 1880; x_wconf 86' lang='lat' dir='ltr'>quamquam</span> <span class='ocrx_word' id='word_1_168' title='bbox 1357 1823 1472 1867; x_wconf 90' lang='lat' dir='ltr'>omni</span> <span class='ocrx_word' id='word_1_169' title='bbox 1513 1823 1742 1867; x_wconf 84' lang='lat' dir='ltr'>offensione</span> 
     </span>
     <span class='ocr_line' id='line_1_24' title="bbox 236 1894 1740 1951; baseline 0.002 -15"><span class='ocrx_word' id='word_1_170' title='bbox 236 1896 396 1947; x_wconf 81' lang='lat' dir='ltr'>carent,</span> <span class='ocrx_word' id='word_1_171' title='bbox 429 1894 611 1937; x_wconf 87' lang='lat' dir='ltr'>editores</span> <span class='ocrx_word' id='word_1_172' title='bbox 645 1898 816 1951; x_wconf 85' lang='lat' dir='ltr'>praeter</span> <span class='ocrx_word' id='word_1_173' title='bbox 848 1895 1055 1951; x_wconf 88' lang='lat' dir='ltr'>Heysium</span> <span class='ocrx_word' id='word_1_174' title='bbox 1087 1898 1131 1938; x_wconf 92' lang='lat' dir='ltr'>et</span> <span class='ocrx_word' id='word_1_175' title='bbox 1163 1895 1358 1940; x_wconf 84' lang='lat' dir='ltr'>Ellisium</span> <span class='ocrx_word' id='word_1_176' title='bbox 1391 1909 1537 1939; x_wconf 86' lang='lat' dir='ltr'>omnes</span> <span class='ocrx_word' id='word_1_177' title='bbox 1572 1894 1740 1939; x_wconf 87' lang='lat' dir='ltr'>hiatum</span> 
     </span>
     <span class='ocr_line' id='line_1_25' title="bbox 235 1968 530 2010; baseline 0 -2"><span class='ocrx_word' id='word_1_178' title='bbox 235 1968 530 2010; x_wconf 87' lang='lat' dir='ltr'>removerunt:</span> 
     </span>
    </p>

    <p class='ocr_par' dir='ltr' id='par_1_10' title="bbox 451 2040 1492 2096">
     <span class='ocr_line' id='line_1_26' title="bbox 451 2040 1492 2096; baseline 0.002 -16"><span class='ocrx_word' id='word_1_179' title='bbox 451 2040 651 2094; x_wconf 79' lang='lat' dir='ltr'>Iuppiter,</span> <span class='ocrx_word' id='word_1_180' title='bbox 686 2045 729 2081; x_wconf 78' lang='lat' dir='ltr'>ut</span> <span class='ocrx_word' id='word_1_181' title='bbox 765 2040 997 2096; x_wconf 76' lang='lat' dir='ltr'>Chalybon</span> <span class='ocrx_word' id='word_1_182' title='bbox 1029 2054 1144 2082; x_wconf 81' lang='lat' dir='ltr'>omne</span> <span class='ocrx_word' id='word_1_183' title='bbox 1176 2054 1302 2094; x_wconf 73' lang='lat' dir='ltr'>qenus</span> <span class='ocrx_word' id='word_1_184' title='bbox 1334 2047 1492 2094; x_wconf 80' lang='lat' dir='ltr'>pereat.</span> 
     </span>
    </p>

    <p class='ocr_par' dir='ltr' id='par_1_11' title="bbox 450 2112 1430 2166">
     <span class='ocr_line' id='line_1_27' title="bbox 450 2112 1430 2166; baseline 0.002 -14"><span class='ocrx_word' id='word_1_185' title='bbox 450 2112 481 2152; x_wconf 82' lang='lat' dir='ltr'><strong><em>A</em></strong></span> <span class='ocrx_word' id='word_1_186' title='bbox 517 2125 596 2166; x_wconf 85' lang='lat' dir='ltr'>quo</span> <span class='ocrx_word' id='word_1_187' title='bbox 627 2119 721 2154; x_wconf 81' lang='lat' dir='ltr'>sunt</span> <span class='ocrx_word' id='word_1_188' title='bbox 751 2115 885 2166; x_wconf 72' lang='lat' dir='ltr'>primo</span> <span class='ocrx_word' id='word_1_189' title='bbox 917 2115 978 2153; x_wconf 77' lang='lat' dir='ltr'>mi</span> <span class='ocrx_word' id='word_1_190' title='bbox 1011 2114 1146 2154; x_wconf 77' lang='lat' dir='ltr'>omnia</span> <span class='ocrx_word' id='word_1_191' title='bbox 1178 2117 1279 2154; x_wconf 80' lang='lat' dir='ltr'>nata</span> <span class='ocrx_word' id='word_1_192' title='bbox 1312 2113 1430 2154; x_wconf 78' lang='lat' dir='ltr'>bono.</span> 
     </span>
    </p>

    <p class='ocr_par' dir='ltr' id='par_1_12' title="bbox 230 2183 1740 2886">
     <span class='ocr_line' id='line_1_28' title="bbox 452 2183 1460 2238; baseline 0.001 -14"><span class='ocrx_word' id='word_1_193' title='bbox 452 2183 665 2226; x_wconf 80' lang='lat' dir='ltr'>Utrumne</span> <span class='ocrx_word' id='word_1_194' title='bbox 696 2198 741 2226; x_wconf 81' lang='lat' dir='ltr'>os</span> <span class='ocrx_word' id='word_1_195' title='bbox 773 2198 827 2226; x_wconf 79' lang='lat' dir='ltr'>an</span> <span class='ocrx_word' id='word_1_196' title='bbox 861 2185 992 2225; x_wconf 81' lang='lat' dir='ltr'>culum</span> <span class='ocrx_word' id='word_1_197' title='bbox 1025 2185 1247 2238; x_wconf 79' lang='lat' dir='ltr'>olfacerem</span> <span class='ocrx_word' id='word_1_198' title='bbox 1280 2185 1460 2226; x_wconf 77' lang='lat' dir='ltr'>Aemilio.</span> 
     </span>
     <span class='ocr_line' id='line_1_29' title="bbox 234 2250 1740 2311; baseline 0.002 -16"><span class='ocrx_word' id='word_1_199' title='bbox 234 2251 415 2296; x_wconf 87' lang='lat' dir='ltr'>Videtur</span> <span class='ocrx_word' id='word_1_200' title='bbox 447 2254 544 2298; x_wconf 89' lang='lat' dir='ltr'>illos</span> <span class='ocrx_word' id='word_1_201' title='bbox 578 2256 770 2307; x_wconf 87' lang='lat' dir='ltr'>movisse,</span> <span class='ocrx_word' id='word_1_202' title='bbox 805 2256 917 2311; x_wconf 89' lang='lat' dir='ltr'>quod</span> <span class='ocrx_word' id='word_1_203' title='bbox 941 2255 1047 2298; x_wconf 85' lang='lat' dir='ltr'>haec</span> <span class='ocrx_word' id='word_1_204' title='bbox 1079 2270 1187 2310; x_wconf 89' lang='lat' dir='ltr'>quae</span> <span class='ocrx_word' id='word_1_205' title='bbox 1211 2255 1323 2310; x_wconf 84' lang='lat' dir='ltr'>apud</span> <span class='ocrx_word' id='word_1_206' title='bbox 1346 2250 1566 2298; x_wconf 86' lang='lat' dir='ltr'>Catullum</span> <span class='ocrx_word' id='word_1_207' title='bbox 1588 2258 1740 2300; x_wconf 85' lang='lat' dir='ltr'>extant</span> 
     </span>
     <span class='ocr_line' id='line_1_30' title="bbox 233 2325 1738 2381; baseline 0.001 -14"><span class='ocrx_word' id='word_1_208' title='bbox 233 2325 427 2381; x_wconf 89' lang='lat' dir='ltr'>exempla</span> <span class='ocrx_word' id='word_1_209' title='bbox 461 2327 586 2370; x_wconf 85' lang='lat' dir='ltr'>unica</span> <span class='ocrx_word' id='word_1_210' title='bbox 619 2331 719 2370; x_wconf 87' lang='lat' dir='ltr'>sunt</span> <span class='ocrx_word' id='word_1_211' title='bbox 758 2328 903 2371; x_wconf 82' lang='lat' dir='ltr'>hiatus</span> <span class='ocrx_word' id='word_1_212' title='bbox 943 2328 987 2370; x_wconf 90' lang='lat' dir='ltr'>in</span> <span class='ocrx_word' id='word_1_213' title='bbox 1021 2342 1240 2371; x_wconf 85' lang='lat' dir='ltr'>caesuram</span> <span class='ocrx_word' id='word_1_214' title='bbox 1273 2325 1533 2381; x_wconf 88' lang='lat' dir='ltr'>pentametri</span> <span class='ocrx_word' id='word_1_215' title='bbox 1566 2325 1738 2370; x_wconf 82' lang='lat' dir='ltr'>admissi</span> 
     </span>
     <span class='ocr_line' id='line_1_31' title="bbox 233 2396 1740 2455; baseline 0.001 -15"><span class='ocrx_word' id='word_1_216' title='bbox 233 2413 365 2454; x_wconf 87' lang='lat' dir='ltr'>eaque</span> <span class='ocrx_word' id='word_1_217' title='bbox 413 2399 557 2442; x_wconf 87' lang='lat' dir='ltr'>omnia</span> <span class='ocrx_word' id='word_1_218' title='bbox 605 2399 720 2443; x_wconf 86' lang='lat' dir='ltr'>facili</span> <span class='ocrx_word' id='word_1_219' title='bbox 764 2414 893 2455; x_wconf 89' lang='lat' dir='ltr'>opera</span> <span class='ocrx_word' id='word_1_220' title='bbox 940 2400 1147 2442; x_wconf 88' lang='lat' dir='ltr'>removeri</span> <span class='ocrx_word' id='word_1_221' title='bbox 1188 2401 1379 2455; x_wconf 88' lang='lat' dir='ltr'>possunt.</span> <span class='ocrx_word' id='word_1_222' title='bbox 1439 2396 1520 2439; x_wconf 79' lang='lat' dir='ltr'>Sed</span> <span class='ocrx_word' id='word_1_223' title='bbox 1562 2411 1658 2440; x_wconf 88' lang='lat' dir='ltr'>cum</span> <span class='ocrx_word' id='word_1_224' title='bbox 1689 2398 1740 2441; x_wconf 90' lang='lat' dir='ltr'>de</span> 
     </span>
     <span class='ocr_line' id='line_1_32' title="bbox 233 2469 1738 2529; baseline 0.001 -17"><span class='ocrx_word' id='word_1_225' title='bbox 233 2470 358 2514; x_wconf 87' lang='lat' dir='ltr'>hiatu</span> <span class='ocrx_word' id='word_1_226' title='bbox 389 2474 485 2526; x_wconf 88' lang='lat' dir='ltr'>post</span> <span class='ocrx_word' id='word_1_227' title='bbox 518 2471 729 2525; x_wconf 85' lang='lat' dir='ltr'>syllabam</span> <span class='ocrx_word' id='word_1_228' title='bbox 760 2471 892 2529; x_wconf 86' lang='lat' dir='ltr'>longa</span> <span class='ocrx_word' id='word_1_229' title='bbox 926 2471 1061 2514; x_wconf 89' lang='lat' dir='ltr'>vocali</span> <span class='ocrx_word' id='word_1_230' title='bbox 1094 2473 1169 2513; x_wconf 90' lang='lat' dir='ltr'>aut</span> <span class='ocrx_word' id='word_1_231' title='bbox 1195 2484 1379 2513; x_wconf 87' lang='lat' dir='ltr'>consona</span> <span class='ocrx_word' id='word_1_232' title='bbox 1402 2484 1440 2512; x_wconf 90' lang='lat' dir='ltr'>m</span> <span class='ocrx_word' id='word_1_233' title='bbox 1462 2469 1738 2513; x_wconf 83' lang='lat' dir='ltr'>terminatam</span> 
     </span>
     <span class='ocr_line' id='line_1_33' title="bbox 232 2541 1739 2587; baseline 0 -3"><span class='ocrx_word' id='word_1_234' title='bbox 232 2543 276 2585; x_wconf 90' lang='lat' dir='ltr'>in</span> <span class='ocrx_word' id='word_1_235' title='bbox 309 2543 423 2586; x_wconf 85' lang='lat' dir='ltr'>arsin</span> <span class='ocrx_word' id='word_1_236' title='bbox 456 2542 693 2586; x_wconf 83' lang='lat' dir='ltr'>hexametri</span> <span class='ocrx_word' id='word_1_237' title='bbox 725 2543 908 2587; x_wconf 82' lang='lat' dir='ltr'>admisso</span> <span class='ocrx_word' id='word_1_238' title='bbox 940 2557 1024 2586; x_wconf 87' lang='lat' dir='ltr'>non</span> <span class='ocrx_word' id='word_1_239' title='bbox 1057 2543 1278 2586; x_wconf 83' lang='lat' dir='ltr'>dubitetur</span> <span class='ocrx_word' id='word_1_240' title='bbox 1317 2566 1371 2572; x_wconf 95' lang='lat'><strong>—</strong></span> <span class='ocrx_word' id='word_1_241' title='bbox 1409 2541 1542 2584; x_wconf 88' lang='lat' dir='ltr'>eidem</span> <span class='ocrx_word' id='word_1_242' title='bbox 1577 2542 1739 2584; x_wconf 83' lang='lat' dir='ltr'>scilicet</span> 
     </span>
     <span class='ocr_line' id='line_1_34' title="bbox 230 2611 1736 2672; baseline -0.002 -15"><span class='ocrx_word' id='word_1_243' title='bbox 230 2613 427 2666; x_wconf 88' lang='lat' dir='ltr'>editores,</span> <span class='ocrx_word' id='word_1_244' title='bbox 461 2614 595 2657; x_wconf 81' lang='lat' dir='ltr'>veluti</span> <span class='ocrx_word' id='word_1_245' title='bbox 625 2614 841 2672; x_wconf 87' lang='lat' dir='ltr'>Hauptius</span> <span class='ocrx_word' id='word_1_246' title='bbox 873 2618 916 2657; x_wconf 90' lang='lat' dir='ltr'>et</span> <span class='ocrx_word' id='word_1_247' title='bbox 938 2614 983 2657; x_wconf 92' lang='lat' dir='ltr'>L.</span> <span class='ocrx_word' id='word_1_248' title='bbox 1009 2614 1203 2666; x_wconf 88' lang='lat' dir='ltr'>Mueller,</span> <span class='ocrx_word' id='word_1_249' title='bbox 1237 2628 1361 2669; x_wconf 90' lang='lat' dir='ltr'>quem</span> <span class='ocrx_word' id='word_1_250' title='bbox 1385 2627 1436 2655; x_wconf 88' lang='lat' dir='ltr'>ex</span> <span class='ocrx_word' id='word_1_251' title='bbox 1458 2611 1736 2668; x_wconf 86' lang='lat' dir='ltr'>pentametris</span> 
     </span>
     <span class='ocr_line' id='line_1_35' title="bbox 233 2681 1737 2741; baseline -0.002 -14"><span class='ocrx_word' id='word_1_252' title='bbox 233 2685 489 2729; x_wconf 81' lang='lat' dir='ltr'>Catullianis</span> <span class='ocrx_word' id='word_1_253' title='bbox 523 2687 794 2741; x_wconf 83' lang='lat' dir='ltr'>expulerunt,</span> <span class='ocrx_word' id='word_1_254' title='bbox 826 2687 869 2728; x_wconf 89' lang='lat' dir='ltr'>in</span> <span class='ocrx_word' id='word_1_255' title='bbox 892 2687 1162 2730; x_wconf 87' lang='lat' dir='ltr'>hexametros</span> <span class='ocrx_word' id='word_1_256' title='bbox 1195 2685 1308 2741; x_wconf 88' lang='lat' dir='ltr'>apud</span> <span class='ocrx_word' id='word_1_257' title='bbox 1332 2684 1549 2728; x_wconf 81' lang='lat' dir='ltr'>Catullum</span> <span class='ocrx_word' id='word_1_258' title='bbox 1573 2681 1737 2735; x_wconf 86' lang='lat'>(66,11.</span> 
     </span>
     <span class='ocr_line' id='line_1_36' title="bbox 238 2753 1736 2814; baseline -0.002 -15"><span class='ocrx_word' id='word_1_259' title='bbox 238 2756 401 2814; x_wconf 85' lang='lat'>107,1),</span> <span class='ocrx_word' id='word_1_260' title='bbox 433 2757 653 2801; x_wconf 83' lang='lat' dir='ltr'>Tibullum</span> <span class='ocrx_word' id='word_1_261' title='bbox 687 2758 728 2814; x_wconf 87' lang='lat' dir='ltr'>(I</span> <span class='ocrx_word' id='word_1_262' title='bbox 759 2757 896 2814; x_wconf 83' lang='lat'>5,33)‚</span> <span class='ocrx_word' id='word_1_263' title='bbox 931 2757 1202 2814; x_wconf 89' lang='lat' dir='ltr'>Propertium</span> <span class='ocrx_word' id='word_1_264' title='bbox 1238 2756 1321 2813; x_wconf 91' lang='lat' dir='ltr'>(III</span> <span class='ocrx_word' id='word_1_265' title='bbox 1349 2756 1460 2808; x_wconf 87' lang='lat'>15,1.</span> <span class='ocrx_word' id='word_1_266' title='bbox 1494 2754 1559 2798; x_wconf 94' lang='lat' dir='ltr'>III</span> <span class='ocrx_word' id='word_1_267' title='bbox 1591 2753 1736 2807; x_wconf 77' lang='lat'><strong>32‚45.</strong></span> 
     </span>
     <span class='ocr_line' id='line_1_37' title="bbox 236 2827 1737 2886; baseline -0.001 -16"><span class='ocrx_word' id='word_1_268' title='bbox 236 2827 295 2871; x_wconf 90' lang='lat' dir='ltr'>lV</span> <span class='ocrx_word' id='word_1_269' title='bbox 329 2829 447 2886; x_wconf 85' lang='lat'>7‚49)</span> <span class='ocrx_word' id='word_1_270' title='bbox 481 2829 746 2873; x_wconf 87' lang='lat' dir='ltr'>admiserunt</span> <span class='ocrx_word' id='word_1_271' title='bbox 769 2854 821 2859; x_wconf 85' lang='lat'>--</span> <span class='ocrx_word' id='word_1_272' title='bbox 847 2845 934 2873; x_wconf 89' lang='lat' dir='ltr'>non</span> <span class='ocrx_word' id='word_1_273' title='bbox 969 2834 1031 2872; x_wconf 88' lang='lat' dir='ltr'>est</span> <span class='ocrx_word' id='word_1_274' title='bbox 1064 2843 1178 2880; x_wconf 86' lang='lat' dir='ltr'>sane,</span> <span class='ocrx_word' id='word_1_275' title='bbox 1212 2843 1287 2871; x_wconf 86' lang='lat' dir='ltr'>cur</span> <span class='ocrx_word' id='word_1_276' title='bbox 1318 2842 1414 2870; x_wconf 88' lang='lat' dir='ltr'>eum</span> <span class='ocrx_word' id='word_1_277' title='bbox 1446 2827 1489 2870; x_wconf 88' lang='lat' dir='ltr'>in</span> <span class='ocrx_word' id='word_1_278' title='bbox 1519 2840 1737 2870; x_wconf 84' lang='lat' dir='ltr'>caesuram</span> 
     </span>
    </p>
   </div>
  </div>
 </body>
</html>
