1950 3256
941 171 998 217 22

342 295 473 349 6634
1112 338 1114 340 .

438 368 485 408 Ul
518 367 589 407 tibi
621 371 738 407 tunc
770 371 853 406 1010
884 372 1050 419 pectore
1081 366 1278 407 sollicitae

340 453 446 480 nunc
480 437 555 479 DL
587 443 682 479 tunc
713 435 844 479 La⁹O
877 451 983 478 mmo
1015 450 1224 491 suprascr.
1258 443 1353 480 tunc
1384 436 1434 480 G.

341 510 468 561 3431

437 584 518 623 Sis
549 595 808 635 quocunque
839 582 911 622 libi
941 582 1076 634 placet

340 654 463 696 Hanc
487 652 716 709 genuinam
743 652 998 707 scripturam
1024 651 1230 694 exhibenss
1249 652 1461 708 margines
1478 651 1667 694 codicum
1687 652 1724 695 G

222 731 267 769 ess
301 727 349 778 B,
382 728 605 782 praeterea
639 724 688 776 O,
722 724 866 774 ceteri,
901 738 1080 778 quorum
1113 724 1158 766 in
1191 739 1368 767 numero
1401 724 1528 766 etiam
1564 722 1602 764 D
1625 726 1670 765 et
1692 723 1725 766 L

222 802 336 850 sunt,
369 797 577 854 praebent
608 799 688 839 scis
720 810 984 851 quaecunque
1017 798 1088 838 tibi
1119 799 1254 850 placet
1288 797 1354 839 vel
1385 798 1562 851 placent.

344 869 475 920 10,13

439 942 685 982 Praesertim
718 941 863 994 quibus
894 947 997 982 esset
1028 942 1255 981 irrumator-

437 1014 614 1055 Praelor
644 1027 725 1054 non
756 1013 987 1066 facerent
1019 1014 1092 1067 pili
1125 1013 1342 1053 cohortem.

343 1085 460 1128 Haec
482 1088 546 1126 est
569 1084 783 1139 scriptura
805 1084 956 1127 codicis
981 1083 1033 1136 D,
1066 1100 1090 1127 a
1114 1099 1197 1140 qua
1223 1083 1256 1125 L
1279 1083 1340 1126 ita
1363 1086 1533 1126 tantum
1556 1084 1727 1136 recedit,

224 1162 273 1201 ut
305 1173 386 1200 non
416 1159 574 1212 faceret
605 1156 824 1210 praebeat.
880 1155 1181 1200 Lachmannus
1210 1155 1424 1206 dubitans,
1458 1157 1559 1212 quid
1581 1171 1726 1199 verum

224 1232 292 1283 sit,
327 1229 366 1271 D
400 1229 656 1285 scripturam
689 1230 838 1285 aperte
870 1231 1117 1284 corruptam
1150 1228 1192 1269 in
1227 1230 1350 1270 textu
1380 1228 1536 1283 posuib,
1575 1228 1617 1270 in
1650 1244 1729 1271 an-

223 1302 445 1345 notatione
492 1303 637 1344 aubem
684 1301 834 1344 critica
875 1299 1080 1343 Gronovii
1119 1300 1407 1344 coniecturam
1446 1316 1526 1343 non
1568 1302 1730 1355 faciens

225 1376 354 1418 affert
386 1389 517 1430 eoque
549 1373 829 1416 commendab.
885 1372 966 1415 Sed
999 1388 1050 1415 ex
1082 1373 1154 1425 eis,
1187 1386 1296 1428 quae
1327 1371 1365 1415 G
1396 1374 1439 1415 et
1468 1372 1504 1415 O
1537 1373 1728 1424 tradunt,

228 1448 345 1491 aliud
393 1447 495 1502 quid
542 1445 758 1488 Catullum
808 1445 1024 1501 scripsisse
1071 1447 1266 1501 apparet.
1330 1445 1367 1487 G
1405 1445 1518 1488 enim
1556 1445 1731 1488 exhibet

228 1535 309 1563 non
346 1523 504 1574 faceret
544 1532 754 1573 suprascr.
788 1521 831 1560 al
862 1532 957 1569 nec,
997 1517 1032 1560 O
1064 1532 1139 1560 nec
1168 1519 1346 1570 faceret,
1386 1532 1522 1574 neque
1554 1517 1730 1560 dubium

231 1592 411 1643 videtur,
445 1590 548 1646 quin
579 1590 686 1632 illud
718 1606 792 1633 nec
822 1593 980 1645 faceret
1012 1603 1159 1631 verum
1191 1589 1267 1631 sit:

440 1665 688 1705 Praesertim
721 1665 866 1718 quibus
897 1669 999 1705 esset
1030 1664 1255 1704 irrumator

444 1737 618 1778 Praetor
649 1750 723 1778 nec
753 1738 912 1789 faceret
942 1737 1016 1790 pili
1047 1737 1263 1777 cohortem.

227 1807 330 1849 'Pale
378 1806 490 1849 enim
537 1807 703 1850 dicendi
751 1821 886 1863 genus
935 1822 1018 1849 non
1069 1806 1274 1849 abhorret:
1312 1807 1366 1848 ab
1408 1821 1485 1848 usu
1528 1808 1731 1849 sermonis

228 1878 385 1931 Latini,
419 1879 472 1922 cf,
509 1878 601 1921 Cat.
636 1880 729 1932 2‚3:

445 1952 551 2001 Quoi
580 1953 756 2005 primum
788 1954 957 2006 diqitum
988 1953 1091 1993 dare
1123 1952 1329 2005 adpetenti

443 2025 496 2065 Et
528 2026 640 2066 acris
670 2026 771 2066 solet
802 2026 977 2066 incitare
1007 2037 1180 2066 morsus.

227 2095 321 2137 Ter.
360 2095 492 2139 Andr.
526 2094 546 2136 I
582 2095 704 2147 1,66:

441 2168 548 2208 Nam
581 2171 650 2222 qui
682 2182 772 2210 cum
803 2170 975 2222 inqeniis
1007 2168 1264 2222 conflictatur
1296 2169 1382 2209 eius
1411 2169 1520 2209 modi

442 2241 580 2294 Neque
613 2246 886 2283 commovetur
917 2243 1078 2283 animus
1108 2243 1150 2283 in
1182 2254 1232 2282 ea
1266 2254 1311 2282 re
1342 2246 1492 2291 tamen,

446 2313 567 2353 Scias
595 2325 716 2364 posse
747 2313 899 2354 habere

230 2383 274 2424 eb
307 2383 546 2438 exemplum
579 2382 700 2434 illud,
733 2383 845 2438 quod
877 2383 1157 2439 Rossbergius
1189 2382 1232 2423 in
1265 2383 1506 2426 recensione
1538 2382 1734 2426 ediffionis

232 2453 575 2496 Baehrensianae
623 2452 902 2509 (Fleckeiscni
949 2470 1046 2498 ann.
1099 2455 1211 2497 1877
1251 2470 1294 2510 p.
1339 2453 1440 2511 173)
1488 2455 1641 2498 attulit
1683 2469 1734 2496 ex

227 2525 319 2570 Tib.
354 2525 416 2567 IV
450 2528 490 2578 2,
526 2525 722 2568 15—17:

442 2600 541 2641 Sola
571 2601 800 2653 puellarum
833 2600 958 2652 diqna
990 2604 1061 2653 est,
1095 2601 1159 2641 cui
1190 2600 1328 2640 mollia
1360 2601 1474 2640 caris

525 2673 683 2713 Vellera
715 2673 780 2713 det
812 2674 921 2715 sucis
954 2673 1014 2714 bis
1044 2673 1283 2726 madefacta
1307 2671 1448 2726 Tyros,

445 2745 750 2798 Possideatque.

350 2813 429 2855 His
477 2814 611 2869 igitur
658 2817 864 2869 quattuor
909 2814 1011 2857 locis
1058 2829 1158 2857 vera
1204 2813 1417 2870 scripbura
1457 2813 1503 2856 in
1543 2811 1579 2855 G
1619 2813 1734 2855 inter
