1950 3256
890 147 948 191 40

168 270 226 313 Et-
273 267 418 311 confer
459 267 509 310 de
550 267 681 309 simili
718 267 1020 322 pronominum
1059 274 1192 310 vester
1231 269 1274 309 et
1306 274 1399 309 tuus
1430 252 1669 310 mutatione

171 340 385 385 Schwabii
420 342 584 397 quaest.
618 337 663 381 C.
697 355 737 394 p.
778 338 857 381 155
891 353 953 393 sq.

292 412 442 454 Altera
490 426 637 465 causa,
686 412 738 453 ob
778 426 908 466 quam
947 410 1053 452 illud
1095 413 1248 453 blanda
1287 410 1524 465 scripturae
1556 412 1671 453 nobis

168 486 411 542 praefertur
445 483 516 541 (cf.
551 482 783 525 Baehrens..
816 498 857 538 p.
891 482 1100 538 XXVII),
1140 485 1246 534 erat,
1285 482 1395 537 quod
1428 482 1486 524 sic
1518 497 1672 537 perap-

171 562 264 600 tum
305 556 524 612 epitheton
566 556 619 597 ad
664 569 803 597 vocem
845 556 998 597 blanda
1038 554 1340 597 nanciscimur:
1390 555 1543 595 blanda
1574 567 1672 595 voce

172 632 377 686 promissa
410 630 569 670 dedisti.
619 626 700 669 Sed
729 642 780 669 ne
802 627 907 669 haec
929 627 1098 682 quidem
1123 626 1268 682 magni
1290 625 1457 668 videtur
1479 624 1671 667 facienda

170 717 272 746 esse.
333 700 445 743 Nam
486 700 679 754 quamvis
723 714 775 740 ex
812 702 959 741 nostro
996 698 1150 741 iudicio
1191 698 1452 740 desideretur
1490 697 1670 738 forsitan

172 773 427 817 adiectivum
459 775 503 814 et
533 771 756 826 displicere
783 772 917 826 possit
939 772 1026 814 tale
1048 770 1212 813 dicendi
1235 783 1381 825 geum,
1413 783 1496 823 quo
1519 769 1673 811 dicitur

169 861 267 890 voce
297 847 504 900 promissa
536 845 655 895 dare,
698 845 842 886 tamen
873 846 1037 887 veteres
1070 843 1197 886 aliter
1229 841 1405 884 sensisse
1436 843 1504 884 sat
1534 839 1674 882 multa

171 918 366 974 exempla
398 917 569 959 docent:

292 989 457 1032 Ennius
492 1003 590 1031 ann.
625 987 704 1030 45:

383 1063 495 1104 Eaein
529 1063 774 1115 compellare
804 1068 925 1115 pater
956 1076 1017 1103 me
1049 1074 1147 1102 voce
1177 1061 1338 1101 videtur

383 1135 457 1176 His
487 1135 641 1176 verbis:
673 1148 698 1175 o
729 1138 871 1188 qnata.

291 1205 487 1248 Tibullus
518 1205 562 1247 II
597 1205 716 1258 1,83:

391 1280 468 1321 Vos
501 1279 696 1320 celebrem
729 1283 894 1320 cantate
926 1278 1044 1319 deum
1064 1277 1285 1331 pecorique
1315 1280 1459 1317 vocate

463 1353 588 1394 Voce:
617 1353 760 1405 palam
792 1351 948 1405 pecori,
981 1351 1085 1391 clam
1116 1350 1194 1391 sibi
1225 1350 1393 1404 quisque
1424 1352 1551 1389 vocet.

289 1424 508 1482 Vergilius
539 1422 646 1465 Aen.
680 1423 832 1476 9‚403:

385 1497 621 1550 Suspiciens
652 1497 780 1538 altam
811 1496 969 1538 Lunam
1000 1496 1059 1537 sic
1089 1507 1189 1536 voce
1219 1497 1427 1547 precatur.

291 1569 347 1613 id.
381 1567 482 1611 ibid.
513 1567 667 1620 4‚680:

389 1643 461 1684 His
496 1643 618 1683 etiam
649 1642 785 1682 struxi
816 1641 1004 1682 manibus
1033 1639 1273 1694 patriosque
1303 1639 1449 1679 vocam·

390 1715 494 1755 Voce
527 1714 635 1756 deos.

290 1785 345 1829 id.
378 1785 479 1828 ibid.
513 1784 666 1837 6‚247:

391 1859 493 1900 Voce
524 1871 678 1900 vocans
710 1858 890 1899 Hecaten
922 1858 1116 1911 caeloque
1147 1855 1360 1909 Ereboque
1389 1858 1592 1908 potentem

291 1929 346 1972 id.
379 1929 480 1973 ibid.
515 1929 698 1981 12‚638:

392 2004 482 2044 Vidi
514 2004 653 2045 oculos
687 2009 781 2044 ante
811 2004 899 2056 ipse
931 2015 1040 2043 meos
1072 2015 1133 2042 me
1163 2014 1262 2042 voce
1292 2005 1504 2042 vocantem

385 2076 641 2117 Murranum.

292 2147 348 2191 id.
382 2147 482 2190 ibid.
520 2147 638 2199 1‚94:

389 2221 507 2262 Talia
538 2234 638 2263 voce
669 2222 818 2274 refert:
850 2234 874 2262 o
905 2223 1045 2272 terque
1077 2222 1301 2272 quaterque
1333 2217 1442 2258 beati

291 2293 346 2336 id.
380 2291 483 2336 ibid.
519 2292 671 2345 1208:

388 2365 507 2407 Talia
540 2380 639 2408 voce
671 2366 801 2418 refert
833 2365 1021 2418 curisque
1051 2363 1279 2417 inqentibus
1310 2374 1447 2415 aeqer.

172 2436 252 2478 His
299 2450 467 2492 quoque
514 2437 615 2480 locis
663 2436 854 2479 ablativo
903 2449 999 2477 voce
1045 2434 1098 2477 ad
1137 2432 1396 2476 sententiam
1435 2429 1675 2487 elegantius

173 2508 431 2550 efferendam
462 2508 572 2551 nihil
609 2508 758 2563 profici
789 2506 958 2549 videtur
990 2509 1033 2548 et
1064 2505 1190 2548 facile
1221 2503 1498 2548 concesserim
1529 2502 1675 2543 nostro

172 2579 326 2623 iudicio
358 2594 454 2623 eum
487 2583 563 2624 aut
595 2580 803 2624 adiectivo
835 2579 978 2635 aliquo
1010 2577 1250 2622 ornandum
1280 2591 1369 2619 esse
1400 2578 1476 2618 aut
1504 2573 1675 2616 omnino

173 2653 318 2694 abesse
357 2652 530 2705 debere;
569 2652 641 2696 sed
680 2652 931 2695 censendum
972 2654 1037 2694 est
1069 2652 1230 2694 veteres
1269 2650 1315 2692 in
1354 2648 1434 2691 hae
1470 2661 1516 2689 re
1547 2646 1674 2689 aliter

174 2724 352 2768 sensisse
391 2739 526 2780 neque
564 2727 724 2767 temere
763 2738 812 2767 ea
851 2725 895 2767 in
927 2724 1181 2779 scriptorum
1221 2724 1413 2764 veterum
1445 2719 1577 2761 libros
1608 2718 1675 2761 in-

174 2795 285 2838 ferre
334 2796 454 2849 licet,
503 2811 611 2852 quae
658 2796 781 2838 nobis
827 2796 1045 2851 placeant,
1094 2795 1162 2839 sed
1205 2796 1400 2838 accurate
1437 2790 1674 2848 perquisito
