<?xml version="1.0" encoding="UTF-8"?>
<!DOCTYPE html PUBLIC "-//W3C//DTD XHTML 1.0 Transitional//EN"
    "http://www.w3.org/TR/xhtml1/DTD/xhtml1-transitional.dtd">
<html xmlns="http://www.w3.org/1999/xhtml" xml:lang="en" lang="en">
 <head>
  <title>
</title>
<meta http-equiv="Content-Type" content="text/html;charset=utf-8" />
  <meta name='ocr-system' content='tesseract 3.04.00' />
  <meta name='ocr-capabilities' content='ocr_page ocr_carea ocr_par ocr_line ocrx_word'/>
</head>
<body>
  <div class='ocr_page' id='page_1' title='image "./derecensendiscat00sydouoft_0078.png"; bbox 0 0 1950 3256; ppageno 0'>
   <div class='ocr_carea' id='block_1_1' title="bbox 920 157 975 199">
    <p class='ocr_par' dir='ltr' id='par_1_1' title="bbox 920 157 975 199">
     <span class='ocr_line' id='line_1_1' title="bbox 920 157 975 199; baseline 0 0"><span class='ocrx_word' id='word_1_1' title='bbox 920 157 975 199; x_wconf 83' lang='lat'><em>72</em></span> 
     </span>
    </p>
   </div>
   <div class='ocr_carea' id='block_1_2' title="bbox 161 275 1750 2353">
    <p class='ocr_par' dir='ltr' id='par_1_2' title="bbox 161 275 1750 1845">
     <span class='ocr_line' id='line_1_2' title="bbox 194 275 1695 331; baseline 0.002 -12"><span class='ocrx_word' id='word_1_2' title='bbox 194 277 330 321; x_wconf 81' lang='lat' dir='ltr'><em>solum</em></span> <span class='ocrx_word' id='word_1_3' title='bbox 369 277 413 319; x_wconf 89' lang='lat' dir='ltr'><em>in</em></span> <span class='ocrx_word' id='word_1_4' title='bbox 451 275 628 318; x_wconf 88' lang='lat' dir='ltr'><em>licentia</em></span> <span class='ocrx_word' id='word_1_5' title='bbox 668 276 864 329; x_wconf 86' lang='lat' dir='ltr'><em>metrica,</em></span> <span class='ocrx_word' id='word_1_6' title='bbox 905 276 976 319; x_wconf 85' lang='lat' dir='ltr'><em>sed</em></span> <span class='ocrx_word' id='word_1_7' title='bbox 1015 276 1145 319; x_wconf 87' lang='lat' dir='ltr'><em>etiam</em></span> <span class='ocrx_word' id='word_1_8' title='bbox 1178 278 1220 319; x_wconf 86' lang='lat' dir='ltr'><em>iu</em></span> <span class='ocrx_word' id='word_1_9' title='bbox 1261 278 1473 322; x_wconf 82' lang='lat' dir='ltr'><em>sententia</em></span> <span class='ocrx_word' id='word_1_10' title='bbox 1505 278 1695 331; x_wconf 78' lang='lat' dir='ltr'><em>ostendit,</em></span> 
     </span>
     <span class='ocr_line' id='line_1_3' title="bbox 194 346 762 407; baseline -0.007 -14"><span class='ocrx_word' id='word_1_11' title='bbox 194 351 325 407; x_wconf 81' lang='lat' dir='ltr'><em>negat</em></span> <span class='ocrx_word' id='word_1_12' title='bbox 358 348 471 391; x_wconf 89' lang='lat' dir='ltr'><em>enim</em></span> <span class='ocrx_word' id='word_1_13' title='bbox 508 346 590 390; x_wconf 87' lang='lat' dir='ltr'><em>dici</em></span> <span class='ocrx_word' id='word_1_14' title='bbox 622 360 762 402; x_wconf 87' lang='lat' dir='ltr'><em>posse:</em></span> 
     </span>
     <span class='ocr_line' id='line_1_4' title="bbox 486 421 1543 474; baseline -0.001 -12"><span class='ocrx_word' id='word_1_15' title='bbox 486 421 585 462; x_wconf 81' lang='lat' dir='ltr'><em>Uno</em></span> <span class='ocrx_word' id='word_1_16' title='bbox 617 421 686 474; x_wconf 77' lang='lat' dir='ltr'><em>qul</em></span> <span class='ocrx_word' id='word_1_17' title='bbox 717 421 764 461; x_wconf 79' lang='lat' dir='ltr'><em>in</em></span> <span class='ocrx_word' id='word_1_18' title='bbox 795 421 930 461; x_wconf 87' lang='lat' dir='ltr'><em>saltu</em></span> <span class='ocrx_word' id='word_1_19' title='bbox 963 427 1018 462; x_wconf 87' lang='lat' dir='ltr'><em>tot</em></span> <span class='ocrx_word' id='word_1_20' title='bbox 1052 422 1161 463; x_wconf 85' lang='lat' dir='ltr'><em>bona</em></span> <span class='ocrx_word' id='word_1_21' title='bbox 1192 423 1481 474; x_wconf 75' lang='lat' dir='ltr'><em>possideat,</em></span> <span class='ocrx_word' id='word_1_22' title='bbox 1540 458 1543 461; x_wconf 86' lang='lat'>.</span> 
     </span>
     <span class='ocr_line' id='line_1_5' title="bbox 410 493 1633 548; baseline 0.003 -15"><span class='ocrx_word' id='word_1_23' title='bbox 410 493 555 542; x_wconf 84' lang='lat' dir='ltr'><em>Prata,</em></span> <span class='ocrx_word' id='word_1_24' title='bbox 589 505 708 542; x_wconf 83' lang='lat' dir='ltr'><em>arva,</em></span> <span class='ocrx_word' id='word_1_25' title='bbox 741 493 920 546; x_wconf 75' lang='lat' dir='ltr'><em>inqentes</em></span> <span class='ocrx_word' id='word_1_26' title='bbox 950 494 1076 536; x_wconf 81' lang='lat' dir='ltr'><em>silvas</em></span> <span class='ocrx_word' id='word_1_27' title='bbox 1107 495 1351 548; x_wconf 80' lang='lat' dir='ltr'><em>saltusque</em></span> <span class='ocrx_word' id='word_1_28' title='bbox 1371 496 1633 548; x_wconf 83' lang='lat' dir='ltr'><em>paludesque.</em></span> 
     </span>
     <span class='ocr_line' id='line_1_6' title="bbox 194 561 1750 620; baseline 0.002 -13"><span class='ocrx_word' id='word_1_29' title='bbox 194 562 306 607; x_wconf 86' lang='lat' dir='ltr'><em>Hinc</em></span> <span class='ocrx_word' id='word_1_30' title='bbox 339 563 554 619; x_wconf 73' lang='lat' dir='ltr'><em>profectus</em></span> <span class='ocrx_word' id='word_1_31' title='bbox 593 561 874 617; x_wconf 88' lang='lat' dir='ltr'><em>plurimorum</em></span> <span class='ocrx_word' id='word_1_32' title='bbox 915 564 1124 607; x_wconf 88' lang='lat' dir='ltr'><em>librorum</em></span> <span class='ocrx_word' id='word_1_33' title='bbox 1155 565 1408 620; x_wconf 73' lang='lat' dir='ltr'><em>scripturam</em></span> <span class='ocrx_word' id='word_1_34' title='bbox 1444 566 1697 610; x_wconf 87' lang='lat' dir='ltr'><em>reiciendam</em></span> <span class='ocrx_word' id='word_1_35' title='bbox 1739 568 1750 575; x_wconf 80' lang='lat'><strong><em>‘</em></strong></span> 
     </span>
     <span class='ocr_line' id='line_1_7' title="bbox 194 635 1696 692; baseline 0.002 -14"><span class='ocrx_word' id='word_1_36' title='bbox 194 649 283 680; x_wconf 73' lang='lat' dir='ltr'><em>esse.</em></span> <span class='ocrx_word' id='word_1_37' title='bbox 321 638 466 678; x_wconf 88' lang='lat' dir='ltr'><em>censet</em></span> <span class='ocrx_word' id='word_1_38' title='bbox 504 649 638 690; x_wconf 90' lang='lat' dir='ltr'><em>neque</em></span> <span class='ocrx_word' id='word_1_39' title='bbox 679 648 776 676; x_wconf 87' lang='lat' dir='ltr'><em>vero</em></span> <span class='ocrx_word' id='word_1_40' title='bbox 817 635 1058 679; x_wconf 88' lang='lat' dir='ltr'><em>coniectura</em></span> <span class='ocrx_word' id='word_1_41' title='bbox 1098 651 1202 692; x_wconf 88' lang='lat' dir='ltr'><em>opus</em></span> <span class='ocrx_word' id='word_1_42' title='bbox 1243 651 1351 687; x_wconf 81' lang='lat' dir='ltr'><em>esse3</em></span> <span class='ocrx_word' id='word_1_43' title='bbox 1399 653 1546 681; x_wconf 89' lang='lat' dir='ltr'><em>verum</em></span> <span class='ocrx_word' id='word_1_44' title='bbox 1585 639 1696 681; x_wconf 86' lang='lat' dir='ltr'><em>enim</em></span> 
     </span>
     <span class='ocr_line' id='line_1_8' title="bbox 193 705 1696 764; baseline 0 -13"><span class='ocrx_word' id='word_1_45' title='bbox 193 707 344 751; x_wconf 84' lang='lat' dir='ltr'><em>haberi</em></span> <span class='ocrx_word' id='word_1_46' title='bbox 381 708 424 749; x_wconf 89' lang='lat' dir='ltr'><em>in</em></span> <span class='ocrx_word' id='word_1_47' title='bbox 460 705 519 748; x_wconf 88' lang='lat' dir='ltr'><em>D:</em></span> <span class='ocrx_word' id='word_1_48' title='bbox 554 708 740 761; x_wconf 85' lang='lat' dir='ltr'><em>altasque</em></span> <span class='ocrx_word' id='word_1_49' title='bbox 776 709 967 759; x_wconf 75' lang='lat' dir='ltr'><em>palude33</em></span> <span class='ocrx_word' id='word_1_50' title='bbox 1016 708 1139 751; x_wconf 82' lang='lat' dir='ltr'><em>facile</em></span> <span class='ocrx_word' id='word_1_51' title='bbox 1172 710 1316 752; x_wconf 85' lang='lat' dir='ltr'><em>autem</em></span> <span class='ocrx_word' id='word_1_52' title='bbox 1348 708 1529 764; x_wconf 81' lang='lat' dir='ltr'><em>perspici</em></span> <span class='ocrx_word' id='word_1_53' title='bbox 1561 723 1696 764; x_wconf 87' lang='lat' dir='ltr'><em>posse,</em></span> 
     </span>
     <span class='ocr_line' id='line_1_9' title="bbox 194 778 1694 836; baseline -0.001 -12"><span class='ocrx_word' id='word_1_54' title='bbox 194 778 403 836; x_wconf 88' lang='lat' dir='ltr'><em>quomodo</em></span> <span class='ocrx_word' id='word_1_55' title='bbox 444 793 494 821; x_wconf 90' lang='lat' dir='ltr'><em>ex</em></span> <span class='ocrx_word' id='word_1_56' title='bbox 534 778 614 821; x_wconf 87' lang='lat' dir='ltr'><em>hac</em></span> <span class='ocrx_word' id='word_1_57' title='bbox 653 779 867 834; x_wconf 87' lang='lat' dir='ltr'><em>scriptura.</em></span> <span class='ocrx_word' id='word_1_58' title='bbox 906 782 1049 822; x_wconf 88' lang='lat' dir='ltr'><em>ortum</em></span> <span class='ocrx_word' id='word_1_59' title='bbox 1087 780 1144 823; x_wconf 91' lang='lat' dir='ltr'><em>sit</em></span> <span class='ocrx_word' id='word_1_60' title='bbox 1180 780 1286 822; x_wconf 92' lang='lat' dir='ltr'><em>illud</em></span> <span class='ocrx_word' id='word_1_61' title='bbox 1324 783 1532 835; x_wconf 73' lang='lat' dir='ltr'><em>saltusque</em></span> <span class='ocrx_word' id='word_1_62' title='bbox 1569 782 1694 834; x_wconf 84' lang='lat' dir='ltr'><em>palu-</em></span> 
     </span>
     <span class='ocr_line' id='line_1_10' title="bbox 195 851 1697 908; baseline 0 -14"><span class='ocrx_word' id='word_1_63' title='bbox 195 853 367 908; x_wconf 80' lang='lat' dir='ltr'><em>desque3</em></span> <span class='ocrx_word' id='word_1_64' title='bbox 417 851 602 906; x_wconf 90' lang='lat' dir='ltr'><em>primum</em></span> <span class='ocrx_word' id='word_1_65' title='bbox 643 864 720 905; x_wconf 88' lang='lat' dir='ltr'><em>pro</em></span> <span class='ocrx_word' id='word_1_66' title='bbox 761 853 887 894; x_wconf 71' lang='lat' dir='ltr'><em>silvas</em></span> <span class='ocrx_word' id='word_1_67' title='bbox 926 855 1112 907; x_wconf 84' lang='lat' dir='ltr'><em>altasque</em></span> <span class='ocrx_word' id='word_1_68' title='bbox 1151 855 1325 907; x_wconf 84' lang='lat' dir='ltr'><em>paludes</em></span> <span class='ocrx_word' id='word_1_69' title='bbox 1364 852 1570 908; x_wconf 85' lang='lat' dir='ltr'><em>scriptum</em></span> <span class='ocrx_word' id='word_1_70' title='bbox 1609 866 1697 895; x_wconf 89' lang='lat' dir='ltr'><em>esse</em></span> 
     </span>
     <span class='ocr_line' id='line_1_11' title="bbox 194 922 1698 979; baseline 0.001 -13"><span class='ocrx_word' id='word_1_71' title='bbox 194 925 323 966; x_wconf 77' lang='lat' dir='ltr'><em>silvas</em></span> <span class='ocrx_word' id='word_1_72' title='bbox 361 924 569 977; x_wconf 82' lang='lat' dir='ltr'><em>saltusque</em></span> <span class='ocrx_word' id='word_1_73' title='bbox 607 924 804 977; x_wconf 80' lang='lat' dir='ltr'><em>paludes,</em></span> <span class='ocrx_word' id='word_1_74' title='bbox 851 922 891 964; x_wconf 89' lang='lat' dir='ltr'><em>id</em></span> <span class='ocrx_word' id='word_1_75' title='bbox 934 925 1043 979; x_wconf 80' lang='lat' dir='ltr'><em>quod</em></span> <span class='ocrx_word' id='word_1_76' title='bbox 1084 925 1215 968; x_wconf 88' lang='lat' dir='ltr'><em>etiam</em></span> <span class='ocrx_word' id='word_1_77' title='bbox 1255 940 1364 968; x_wconf 85' lang='lat' dir='ltr'><em>nuuc</em></span> <span class='ocrx_word' id='word_1_78' title='bbox 1403 925 1446 967; x_wconf 85' lang='lat' dir='ltr'><em>in</em></span> <span class='ocrx_word' id='word_1_79' title='bbox 1486 924 1698 967; x_wconf 83' lang='lat' dir='ltr'><em>codicibus</em></span> 
     </span>
     <span class='ocr_line' id='line_1_12' title="bbox 195 994 1699 1052; baseline 0.001 -15"><span class='ocrx_word' id='word_1_80' title='bbox 195 994 448 1052; x_wconf 85' lang='lat' dir='ltr'><em>quibusdam</em></span> <span class='ocrx_word' id='word_1_81' title='bbox 482 998 622 1045; x_wconf 72' lang='lat' dir='ltr'><em>extat3</em></span> <span class='ocrx_word' id='word_1_82' title='bbox 664 997 757 1037; x_wconf 91' lang='lat' dir='ltr'><em>tum</em></span> <span class='ocrx_word' id='word_1_83' title='bbox 789 1010 813 1037; x_wconf 88' lang='lat' dir='ltr'><em>a</em></span> <span class='ocrx_word' id='word_1_84' title='bbox 853 995 1030 1038; x_wconf 87' lang='lat' dir='ltr'><em>librario</em></span> <span class='ocrx_word' id='word_1_85' title='bbox 1069 997 1306 1039; x_wconf 87' lang='lat' dir='ltr'><em>sententiae</em></span> <span class='ocrx_word' id='word_1_86' title='bbox 1344 1011 1467 1040; x_wconf 84' lang='lat' dir='ltr'><em>causa</em></span> <span class='ocrx_word' id='word_1_87' title='bbox 1506 996 1699 1039; x_wconf 88' lang='lat' dir='ltr'><em>additum</em></span> 
     </span>
     <span class='ocr_line' id='line_1_13' title="bbox 197 1067 1697 1124; baseline -0.001 -13"><span class='ocrx_word' id='word_1_88' title='bbox 197 1081 284 1111; x_wconf 87' lang='lat' dir='ltr'><em>esse</em></span> <span class='ocrx_word' id='word_1_89' title='bbox 331 1067 591 1123; x_wconf 78' lang='lat' dir='ltr'><em>particulam</em></span> <span class='ocrx_word' id='word_1_90' title='bbox 638 1083 725 1123; x_wconf 90' lang='lat' dir='ltr'><em>que.</em></span> <span class='ocrx_word' id='word_1_91' title='bbox 798 1067 940 1123; x_wconf 87' lang='lat' dir='ltr'><em>Atque</em></span> <span class='ocrx_word' id='word_1_92' title='bbox 990 1068 1033 1110; x_wconf 91' lang='lat' dir='ltr'><em>in</em></span> <span class='ocrx_word' id='word_1_93' title='bbox 1076 1069 1259 1120; x_wconf 81' lang='lat' dir='ltr'><em>ratione,</em></span> <span class='ocrx_word' id='word_1_94' title='bbox 1307 1084 1392 1124; x_wconf 88' lang='lat' dir='ltr'><em>qua</em></span> <span class='ocrx_word' id='word_1_95' title='bbox 1439 1083 1490 1111; x_wconf 86' lang='lat' dir='ltr'><em>ex</em></span> <span class='ocrx_word' id='word_1_96' title='bbox 1537 1068 1697 1112; x_wconf 85' lang='lat' dir='ltr'><em>Datani</em></span> 
     </span>
     <span class='ocr_line' id='line_1_14' title="bbox 197 1139 1698 1197; baseline 0 -14"><span class='ocrx_word' id='word_1_97' title='bbox 197 1141 411 1197; x_wconf 87' lang='lat' dir='ltr'><em>scriptura</em></span> <span class='ocrx_word' id='word_1_98' title='bbox 443 1139 563 1182; x_wconf 90' lang='lat' dir='ltr'><em>illam</em></span> <span class='ocrx_word' id='word_1_99' title='bbox 596 1140 778 1182; x_wconf 87' lang='lat' dir='ltr'><em>alteram</em></span> <span class='ocrx_word' id='word_1_100' title='bbox 812 1141 952 1183; x_wconf 86' lang='lat' dir='ltr'><em>ortam</em></span> <span class='ocrx_word' id='word_1_101' title='bbox 984 1155 1071 1183; x_wconf 88' lang='lat' dir='ltr'><em>esse</em></span> <span class='ocrx_word' id='word_1_102' title='bbox 1103 1143 1243 1197; x_wconf 89' lang='lat' dir='ltr'><em>putat,</em></span> <span class='ocrx_word' id='word_1_103' title='bbox 1277 1141 1556 1185; x_wconf 83' lang='lat' dir='ltr'><em>concedamus</em></span> <span class='ocrx_word' id='word_1_104' title='bbox 1588 1141 1698 1184; x_wconf 89' lang='lat' dir='ltr'><em>nihil</em></span> 
     </span>
     <span class='ocr_line' id='line_1_15' title="bbox 194 1211 1698 1268; baseline 0 -12"><span class='ocrx_word' id='word_1_105' title='bbox 194 1213 330 1265; x_wconf 82' lang='lat' dir='ltr'><em>inesse</em></span> <span class='ocrx_word' id='word_1_106' title='bbox 368 1212 479 1268; x_wconf 90' lang='lat' dir='ltr'><em>quod</em></span> <span class='ocrx_word' id='word_1_107' title='bbox 521 1226 602 1254; x_wconf 86' lang='lat' dir='ltr'><em>non</em></span> <span class='ocrx_word' id='word_1_108' title='bbox 645 1211 818 1267; x_wconf 89' lang='lat' dir='ltr'><em>probari</em></span> <span class='ocrx_word' id='word_1_109' title='bbox 858 1211 1005 1266; x_wconf 78' lang='lat' dir='ltr'><em>possit,</em></span> <span class='ocrx_word' id='word_1_110' title='bbox 1045 1213 1126 1255; x_wconf 88' lang='lat' dir='ltr'><em>etsi</em></span> <span class='ocrx_word' id='word_1_111' title='bbox 1158 1213 1338 1257; x_wconf 84' lang='lat' dir='ltr'><em>fortasse</em></span> <span class='ocrx_word' id='word_1_112' title='bbox 1370 1228 1454 1256; x_wconf 91' lang='lat' dir='ltr'><em>non</em></span> <span class='ocrx_word' id='word_1_113' title='bbox 1487 1214 1549 1258; x_wconf 86' lang='lat' dir='ltr'><em>ita</em></span> <span class='ocrx_word' id='word_1_114' title='bbox 1580 1215 1698 1258; x_wconf 87' lang='lat' dir='ltr'><em>facili</em></span> 
     </span>
     <span class='ocr_line' id='line_1_16' title="bbox 194 1283 1699 1342; baseline -0.001 -13"><span class='ocrx_word' id='word_1_115' title='bbox 194 1300 334 1329; x_wconf 89' lang='lat' dir='ltr'><em>errore</em></span> <span class='ocrx_word' id='word_1_116' title='bbox 371 1299 449 1341; x_wconf 91' lang='lat' dir='ltr'><em>pro</em></span> <span class='ocrx_word' id='word_1_117' title='bbox 490 1287 677 1340; x_wconf 84' lang='lat' dir='ltr'><em>altasque</em></span> <span class='ocrx_word' id='word_1_118' title='bbox 716 1283 844 1326; x_wconf 87' lang='lat' dir='ltr'><em>scribi</em></span> <span class='ocrx_word' id='word_1_119' title='bbox 881 1286 1054 1340; x_wconf 86' lang='lat' dir='ltr'><em>poterat</em></span> <span class='ocrx_word' id='word_1_120' title='bbox 1084 1288 1306 1341; x_wconf 70' lang='lat' dir='ltr'><em>saltusque.</em></span> <span class='ocrx_word' id='word_1_121' title='bbox 1370 1284 1451 1328; x_wconf 80' lang='lat' dir='ltr'><em>Sed</em></span> <span class='ocrx_word' id='word_1_122' title='bbox 1484 1286 1585 1342; x_wconf 89' lang='lat' dir='ltr'><em>quid</em></span> <span class='ocrx_word' id='word_1_123' title='bbox 1618 1286 1699 1329; x_wconf 86' lang='lat' dir='ltr'><em>sibi</em></span> 
     </span>
     <span class='ocr_line' id='line_1_17' title="bbox 195 1356 1699 1416; baseline 0 -16"><span class='ocrx_word' id='word_1_124' title='bbox 195 1358 289 1400; x_wconf 89' lang='lat' dir='ltr'><em>vult</em></span> <span class='ocrx_word' id='word_1_125' title='bbox 321 1356 400 1400; x_wconf 92' lang='lat' dir='ltr'><em>hoc</em></span> <span class='ocrx_word' id='word_1_126' title='bbox 433 1357 523 1400; x_wconf 95' lang='lat' dir='ltr'><em>loco</em></span> <span class='ocrx_word' id='word_1_127' title='bbox 556 1356 813 1399; x_wconf 86' lang='lat' dir='ltr'><em>adiectivum</em></span> <span class='ocrx_word' id='word_1_128' title='bbox 847 1357 981 1409; x_wconf 66' lang='lat' dir='ltr'><em>altus?</em></span> <span class='ocrx_word' id='word_1_129' title='bbox 1043 1357 1093 1400; x_wconf 89' lang='lat' dir='ltr'><em>Id</em></span> <span class='ocrx_word' id='word_1_130' title='bbox 1125 1358 1316 1413; x_wconf 83' lang='lat' dir='ltr'><em>profecto</em></span> <span class='ocrx_word' id='word_1_131' title='bbox 1349 1359 1440 1416; x_wconf 86' lang='lat' dir='ltr'><em>agit</em></span> <span class='ocrx_word' id='word_1_132' title='bbox 1470 1360 1611 1414; x_wconf 88' lang='lat' dir='ltr'><em>poeta,</em></span> <span class='ocrx_word' id='word_1_133' title='bbox 1650 1362 1699 1400; x_wconf 92' lang='lat' dir='ltr'><em>ut</em></span> 
     </span>
     <span class='ocr_line' id='line_1_18' title="bbox 161 1428 1697 1487; baseline 0.002 -16"><span class='ocrx_word' id='word_1_134' title='bbox 161 1443 164 1448; x_wconf 87' lang='grc'><strong>’</strong></span> <span class='ocrx_word' id='word_1_135' title='bbox 195 1428 417 1472; x_wconf 87' lang='lat' dir='ltr'><em>Mentulae</em></span> <span class='ocrx_word' id='word_1_136' title='bbox 465 1429 745 1485; x_wconf 86' lang='lat' dir='ltr'><em>possessiones</em></span> <span class='ocrx_word' id='word_1_137' title='bbox 791 1443 971 1486; x_wconf 86' lang='lat' dir='ltr'><em>magnas</em></span> <span class='ocrx_word' id='word_1_138' title='bbox 1013 1432 1141 1486; x_wconf 87' lang='lat' dir='ltr'><em>atque</em></span> <span class='ocrx_word' id='word_1_139' title='bbox 1180 1430 1377 1487; x_wconf 74' lang='lat' dir='ltr'><em>ingentes</em></span> <span class='ocrx_word' id='word_1_140' title='bbox 1417 1445 1504 1474; x_wconf 87' lang='lat' dir='ltr'><em>esse</em></span> <span class='ocrx_word' id='word_1_141' title='bbox 1535 1431 1697 1474; x_wconf 84' lang='lat' dir='ltr'><em>doceat.</em></span> 
     </span>
     <span class='ocr_line' id='line_1_19' title="bbox 195 1500 1698 1557; baseline 0.002 -14"><span class='ocrx_word' id='word_1_142' title='bbox 195 1500 364 1557; x_wconf 84' lang='lat' dir='ltr'><em>Aptene</em></span> <span class='ocrx_word' id='word_1_143' title='bbox 396 1501 532 1557; x_wconf 86' lang='lat' dir='ltr'><em>igitur</em></span> <span class='ocrx_word' id='word_1_144' title='bbox 564 1500 739 1556; x_wconf 86' lang='lat' dir='ltr'><em>paludes</em></span> <span class='ocrx_word' id='word_1_145' title='bbox 769 1501 884 1544; x_wconf 90' lang='lat' dir='ltr'><em>altae</em></span> <span class='ocrx_word' id='word_1_146' title='bbox 907 1501 933 1545; x_wconf 84' lang='lat' dir='ltr'><em>i.</em></span> <span class='ocrx_word' id='word_1_147' title='bbox 959 1517 991 1544; x_wconf 92' lang='lat' dir='ltr'><em>e.</em></span> <span class='ocrx_word' id='word_1_148' title='bbox 1016 1501 1251 1557; x_wconf 84' lang='lat' dir='ltr'><em>profundae</em></span> <span class='ocrx_word' id='word_1_149' title='bbox 1274 1504 1508 1546; x_wconf 76' lang='lat' dir='ltr'><em>vocantur?</em></span> <span class='ocrx_word' id='word_1_150' title='bbox 1547 1501 1698 1555; x_wconf 88' lang='lat' dir='ltr'><em>Immo,</em></span> 
     </span>
     <span class='ocr_line' id='line_1_20' title="bbox 198 1572 1700 1630; baseline 0.003 -16"><span class='ocrx_word' id='word_1_151' title='bbox 198 1572 405 1628; x_wconf 88' lang='lat' dir='ltr'><em>siquidem</em></span> <span class='ocrx_word' id='word_1_152' title='bbox 438 1572 697 1616; x_wconf 88' lang='lat' dir='ltr'><em>adiectivum</em></span> <span class='ocrx_word' id='word_1_153' title='bbox 729 1573 809 1615; x_wconf 90' lang='lat' dir='ltr'><em>hoc</em></span> <span class='ocrx_word' id='word_1_154' title='bbox 841 1574 932 1617; x_wconf 89' lang='lat' dir='ltr'><em>loco</em></span> <span class='ocrx_word' id='word_1_155' title='bbox 964 1574 1095 1625; x_wconf 89' lang='lat' dir='ltr'><em>latet,</em></span> <span class='ocrx_word' id='word_1_156' title='bbox 1139 1574 1264 1630; x_wconf 83' lang='lat' dir='ltr'><em>longe</em></span> <span class='ocrx_word' id='word_1_157' title='bbox 1296 1574 1468 1630; x_wconf 82' lang='lat' dir='ltr'><em>lateque</em></span> <span class='ocrx_word' id='word_1_158' title='bbox 1501 1577 1700 1618; x_wconf 72' lang='lat' dir='ltr'><em>extentae</em></span> 
     </span>
     <span class='ocr_line' id='line_1_21' title="bbox 195 1643 1700 1703; baseline 0.001 -16"><span class='ocrx_word' id='word_1_159' title='bbox 195 1643 395 1688; x_wconf 80' lang='lat' dir='ltr'><em>dicendae</em></span> <span class='ocrx_word' id='word_1_160' title='bbox 427 1647 564 1687; x_wconf 87' lang='lat' dir='ltr'><em>erant.</em></span> <span class='ocrx_word' id='word_1_161' title='bbox 624 1644 687 1687; x_wconf 93' lang='lat' dir='ltr'><em>De</em></span> <span class='ocrx_word' id='word_1_162' title='bbox 711 1644 872 1688; x_wconf 87' lang='lat' dir='ltr'><em>Datani</em></span> <span class='ocrx_word' id='word_1_163' title='bbox 905 1646 1040 1703; x_wconf 83' lang='lat' dir='ltr'><em>igitur</em></span> <span class='ocrx_word' id='word_1_164' title='bbox 1072 1646 1285 1702; x_wconf 86' lang='lat' dir='ltr'><em>scriptura</em></span> <span class='ocrx_word' id='word_1_165' title='bbox 1317 1648 1460 1690; x_wconf 90' lang='lat' dir='ltr'><em>actum</em></span> <span class='ocrx_word' id='word_1_166' title='bbox 1493 1648 1595 1698; x_wconf 88' lang='lat' dir='ltr'><em>erit;</em></span> <span class='ocrx_word' id='word_1_167' title='bbox 1628 1647 1700 1689; x_wconf 88' lang='lat' dir='ltr'><em>sed</em></span> 
     </span>
     <span class='ocr_line' id='line_1_22' title="bbox 195 1715 1503 1774; baseline 0.003 -16"><span class='ocrx_word' id='word_1_168' title='bbox 195 1730 246 1758; x_wconf 88' lang='lat' dir='ltr'><em>ex</em></span> <span class='ocrx_word' id='word_1_169' title='bbox 277 1731 327 1760; x_wconf 88' lang='lat' dir='ltr'><em>ea</em></span> <span class='ocrx_word' id='word_1_170' title='bbox 359 1716 574 1772; x_wconf 88' lang='lat' dir='ltr'><em>profectus</em></span> <span class='ocrx_word' id='word_1_171' title='bbox 606 1715 894 1761; x_wconf 83' lang='lat' dir='ltr'><em>Rossbachius</em></span> <span class='ocrx_word' id='word_1_172' title='bbox 924 1733 1001 1774; x_wconf 91' lang='lat' dir='ltr'><em>pro</em></span> <span class='ocrx_word' id='word_1_173' title='bbox 1034 1720 1143 1761; x_wconf 87' lang='lat' dir='ltr'><em>altas</em></span> <span class='ocrx_word' id='word_1_174' title='bbox 1175 1719 1345 1774; x_wconf 80' lang='lat' dir='ltr'><em>scripsit</em></span> <span class='ocrx_word' id='word_1_175' title='bbox 1377 1721 1503 1762; x_wconf 88' lang='lat' dir='ltr'><em>latas:</em></span> 
     </span>
     <span class='ocr_line' id='line_1_23' title="bbox 411 1791 1483 1845; baseline 0.004 -15"><span class='ocrx_word' id='word_1_176' title='bbox 411 1791 542 1832; x_wconf 84' lang='lat' dir='ltr'><em>Prata</em></span> <span class='ocrx_word' id='word_1_177' title='bbox 575 1803 681 1832; x_wconf 83' lang='lat' dir='ltr'><em>arva</em></span> <span class='ocrx_word' id='word_1_178' title='bbox 712 1793 895 1845; x_wconf 73' lang='lat' dir='ltr'><em>inqentes</em></span> <span class='ocrx_word' id='word_1_179' title='bbox 924 1793 1051 1833; x_wconf 76' lang='lat' dir='ltr'><em>silvas</em></span> <span class='ocrx_word' id='word_1_180' title='bbox 1083 1793 1271 1844; x_wconf 82' lang='lat' dir='ltr'><em>latasque</em></span> <span class='ocrx_word' id='word_1_181' title='bbox 1298 1792 1483 1843; x_wconf 85' lang='lat' dir='ltr'><em>paludes.</em></span> 
     </span>
    </p>

    <p class='ocr_par' dir='ltr' id='par_1_3' title="bbox 195 1860 1702 2353">
     <span class='ocr_line' id='line_1_24' title="bbox 195 1860 1700 1917; baseline 0.003 -14"><span class='ocrx_word' id='word_1_182' title='bbox 195 1860 252 1904; x_wconf 83' lang='lat' dir='ltr'><em>Et</em></span> <span class='ocrx_word' id='word_1_183' title='bbox 299 1861 403 1905; x_wconf 88' lang='lat' dir='ltr'><em>haec</em></span> <span class='ocrx_word' id='word_1_184' title='bbox 449 1860 663 1917; x_wconf 88' lang='lat' dir='ltr'><em>scriptura</em></span> <span class='ocrx_word' id='word_1_185' title='bbox 708 1863 744 1905; x_wconf 91' lang='lat' dir='ltr'><em>si</em></span> <span class='ocrx_word' id='word_1_186' title='bbox 791 1862 911 1906; x_wconf 90' lang='lat' dir='ltr'><em>libris</em></span> <span class='ocrx_word' id='word_1_187' title='bbox 958 1862 1221 1913; x_wconf 85' lang='lat' dir='ltr'><em>traderetur,</em></span> <span class='ocrx_word' id='word_1_188' title='bbox 1264 1876 1348 1905; x_wconf 88' lang='lat' dir='ltr'><em>non</em></span> <span class='ocrx_word' id='word_1_189' title='bbox 1381 1866 1509 1916; x_wconf 87' lang='lat' dir='ltr'><em>esset,</em></span> <span class='ocrx_word' id='word_1_190' title='bbox 1543 1877 1618 1907; x_wconf 89' lang='lat' dir='ltr'><em>cur</em></span> <span class='ocrx_word' id='word_1_191' title='bbox 1649 1863 1700 1907; x_wconf 87' lang='lat' dir='ltr'><em>de</em></span> 
     </span>
     <span class='ocr_line' id='line_1_25' title="bbox 196 1933 1699 1991; baseline 0.001 -13"><span class='ocrx_word' id='word_1_192' title='bbox 196 1950 245 1978; x_wconf 86' lang='lat' dir='ltr'><em>ea</em></span> <span class='ocrx_word' id='word_1_193' title='bbox 278 1933 586 1977; x_wconf 83' lang='lat' dir='ltr'><em>dubitaremus.</em></span> <span class='ocrx_word' id='word_1_194' title='bbox 641 1933 722 1979; x_wconf 82' lang='lat' dir='ltr'><em>Sed</em></span> <span class='ocrx_word' id='word_1_195' title='bbox 754 1937 956 1991; x_wconf 87' lang='lat' dir='ltr'><em>quoniam</em></span> <span class='ocrx_word' id='word_1_196' title='bbox 989 1935 1031 1978; x_wconf 89' lang='lat' dir='ltr'><em>in</em></span> <span class='ocrx_word' id='word_1_197' title='bbox 1067 1933 1186 1978; x_wconf 86' lang='lat' dir='ltr'><em>libris</em></span> <span class='ocrx_word' id='word_1_198' title='bbox 1221 1949 1302 1977; x_wconf 90' lang='lat' dir='ltr'><em>non</em></span> <span class='ocrx_word' id='word_1_199' title='bbox 1338 1935 1520 1978; x_wconf 87' lang='lat' dir='ltr'><em>habetur</em></span> <span class='ocrx_word' id='word_1_200' title='bbox 1549 1938 1592 1978; x_wconf 89' lang='lat' dir='ltr'><em>et</em></span> <span class='ocrx_word' id='word_1_201' title='bbox 1615 1937 1699 1980; x_wconf 86' lang='lat' dir='ltr'><em>iam</em></span> 
     </span>
     <span class='ocr_line' id='line_1_26' title="bbox 198 2006 1699 2064; baseline 0.002 -15"><span class='ocrx_word' id='word_1_202' title='bbox 198 2006 416 2050; x_wconf 85' lang='lat' dir='ltr'><em>difficilius</em></span> <span class='ocrx_word' id='word_1_203' title='bbox 449 2009 514 2049; x_wconf 89' lang='lat' dir='ltr'><em>est</em></span> <span class='ocrx_word' id='word_1_204' title='bbox 554 2007 606 2050; x_wconf 89' lang='lat' dir='ltr'><em>ad</em></span> <span class='ocrx_word' id='word_1_205' title='bbox 639 2009 951 2063; x_wconf 87' lang='lat' dir='ltr'><em>explicandum,</em></span> <span class='ocrx_word' id='word_1_206' title='bbox 992 2023 1076 2064; x_wconf 89' lang='lat' dir='ltr'><em>qua</em></span> <span class='ocrx_word' id='word_1_207' title='bbox 1115 2007 1280 2049; x_wconf 85' lang='lat' dir='ltr'><em>ratione</em></span> <span class='ocrx_word' id='word_1_208' title='bbox 1326 2010 1535 2063; x_wconf 80' lang='lat' dir='ltr'><em>saltusque</em></span> <span class='ocrx_word' id='word_1_209' title='bbox 1571 2012 1699 2062; x_wconf 86' lang='lat' dir='ltr'><em>palu-</em></span> 
     </span>
     <span class='ocr_line' id='line_1_27' title="bbox 197 2079 1701 2137; baseline 0.002 -15"><span class='ocrx_word' id='word_1_210' title='bbox 197 2081 346 2136; x_wconf 86' lang='lat' dir='ltr'><em>desque</em></span> <span class='ocrx_word' id='word_1_211' title='bbox 377 2094 429 2122; x_wconf 86' lang='lat' dir='ltr'><em>ex</em></span> <span class='ocrx_word' id='word_1_212' title='bbox 460 2094 508 2122; x_wconf 89' lang='lat' dir='ltr'><em>ea</em></span> <span class='ocrx_word' id='word_1_213' title='bbox 540 2082 685 2123; x_wconf 90' lang='lat' dir='ltr'><em>ortum</em></span> <span class='ocrx_word' id='word_1_214' title='bbox 717 2081 792 2132; x_wconf 86' lang='lat' dir='ltr'><em>sit,</em></span> <span class='ocrx_word' id='word_1_215' title='bbox 835 2079 1086 2134; x_wconf 85' lang='lat' dir='ltr'><em>priusquam</em></span> <span class='ocrx_word' id='word_1_216' title='bbox 1117 2094 1210 2122; x_wconf 90' lang='lat' dir='ltr'><em>eam</em></span> <span class='ocrx_word' id='word_1_217' title='bbox 1243 2079 1515 2135; x_wconf 80' lang='lat' dir='ltr'><em>recipiamus,</em></span> <span class='ocrx_word' id='word_1_218' title='bbox 1554 2081 1701 2137; x_wconf 90' lang='lat' dir='ltr'><em>paullo</em></span> 
     </span>
     <span class='ocr_line' id='line_1_28' title="bbox 198 2151 1702 2208; baseline 0.001 -13"><span class='ocrx_word' id='word_1_219' title='bbox 198 2152 439 2195; x_wconf 84' lang='lat' dir='ltr'><em>accuratius</em></span> <span class='ocrx_word' id='word_1_220' title='bbox 487 2152 769 2196; x_wconf 84' lang='lat' dir='ltr'><em>examinanda</em></span> <span class='ocrx_word' id='word_1_221' title='bbox 818 2154 882 2195; x_wconf 90' lang='lat' dir='ltr'><em>est</em></span> <span class='ocrx_word' id='word_1_222' title='bbox 929 2152 1160 2207; x_wconf 88' lang='lat' dir='ltr'><em>scriptura,</em></span> <span class='ocrx_word' id='word_1_223' title='bbox 1206 2167 1333 2208; x_wconf 84' lang='lat' dir='ltr'><em>quam</em></span> <span class='ocrx_word' id='word_1_224' title='bbox 1380 2151 1610 2196; x_wconf 87' lang='lat' dir='ltr'><em>Boehmius</em></span> <span class='ocrx_word' id='word_1_225' title='bbox 1657 2156 1702 2196; x_wconf 90' lang='lat' dir='ltr'><em>et</em></span> 
     </span>
     <span class='ocr_line' id='line_1_29' title="bbox 195 2222 1701 2282; baseline 0.002 -16"><span class='ocrx_word' id='word_1_226' title='bbox 195 2222 483 2267; x_wconf 86' lang='lat' dir='ltr'><em>Rossbachius</em></span> <span class='ocrx_word' id='word_1_227' title='bbox 526 2225 777 2269; x_wconf 84' lang='lat' dir='ltr'><em>reiecerunt.</em></span> <span class='ocrx_word' id='word_1_228' title='bbox 841 2224 903 2267; x_wconf 90' lang='lat' dir='ltr'><em>Ac</em></span> <span class='ocrx_word' id='word_1_229' title='bbox 943 2225 1128 2279; x_wconf 88' lang='lat' dir='ltr'><em>primum</em></span> <span class='ocrx_word' id='word_1_230' title='bbox 1170 2225 1212 2268; x_wconf 90' lang='lat' dir='ltr'><em>in</em></span> <span class='ocrx_word' id='word_1_231' title='bbox 1255 2225 1516 2268; x_wconf 86' lang='lat' dir='ltr'><em>hexametro</em></span> <span class='ocrx_word' id='word_1_232' title='bbox 1542 2225 1701 2282; x_wconf 85' lang='lat' dir='ltr'><em>hyper-</em></span> 
     </span>
     <span class='ocr_line' id='line_1_30' title="bbox 196 2296 1702 2353; baseline 0.001 -15"><span class='ocrx_word' id='word_1_233' title='bbox 196 2296 406 2339; x_wconf 89' lang='lat' dir='ltr'><em>catalecto</em></span> <span class='ocrx_word' id='word_1_234' title='bbox 455 2296 489 2338; x_wconf 86' lang='lat' dir='ltr'><em>is</em></span> <span class='ocrx_word' id='word_1_235' title='bbox 538 2311 623 2340; x_wconf 90' lang='lat' dir='ltr'><em>non</em></span> <span class='ocrx_word' id='word_1_236' title='bbox 671 2297 876 2350; x_wconf 76' lang='lat' dir='ltr'><em>offendet,</em></span> <span class='ocrx_word' id='word_1_237' title='bbox 927 2297 999 2353; x_wconf 88' lang='lat' dir='ltr'><em>qui</em></span> <span class='ocrx_word' id='word_1_238' title='bbox 1048 2297 1376 2351; x_wconf 87' lang='lat' dir='ltr'><em>perlustraverit</em></span> <span class='ocrx_word' id='word_1_239' title='bbox 1417 2311 1524 2352; x_wconf 85' lang='lat' dir='ltr'><em>qua-e</em></span> <span class='ocrx_word' id='word_1_240' title='bbox 1563 2297 1702 2342; x_wconf 89' lang='lat' dir='ltr'><em>Lach-</em></span> 
     </span>
    </p>
   </div>
   <div class='ocr_carea' id='block_1_3' title="bbox 198 2367 1777 2427">
    <p class='ocr_par' dir='ltr' id='par_1_4' title="bbox 198 2367 1777 2427">
     <span class='ocr_line' id='line_1_31' title="bbox 198 2367 1777 2427; baseline 0.002 -17"><span class='ocrx_word' id='word_1_241' title='bbox 198 2382 381 2411; x_wconf 86' lang='lat' dir='ltr'><em>mannus</em></span> <span class='ocrx_word' id='word_1_242' title='bbox 414 2370 455 2410; x_wconf 85' lang='lat' dir='ltr'><em>in</em></span> <span class='ocrx_word' id='word_1_243' title='bbox 490 2383 639 2411; x_wconf 88' lang='lat' dir='ltr'><em>comm.</em></span> <span class='ocrx_word' id='word_1_244' title='bbox 674 2369 718 2411; x_wconf 88' lang='lat' dir='ltr'><em>in</em></span> <span class='ocrx_word' id='word_1_245' title='bbox 751 2367 996 2411; x_wconf 87' lang='lat' dir='ltr'><em>Lucretium</em></span> <span class='ocrx_word' id='word_1_246' title='bbox 1027 2384 1067 2424; x_wconf 86' lang='lat' dir='ltr'><em>p.</em></span> <span class='ocrx_word' id='word_1_247' title='bbox 1103 2369 1153 2411; x_wconf 82' lang='lat'><em>81</em></span> <span class='ocrx_word' id='word_1_248' title='bbox 1192 2369 1417 2426; x_wconf 83' lang='lat' dir='ltr'><em>congessit.</em></span> <span class='ocrx_word' id='word_1_249' title='bbox 1473 2369 1530 2412; x_wconf 88' lang='lat' dir='ltr'><em>Et</em></span> <span class='ocrx_word' id='word_1_250' title='bbox 1562 2370 1701 2426; x_wconf 86' lang='lat' dir='ltr'><em>ipsum</em></span> <span class='ocrx_word' id='word_1_251' title='bbox 1765 2418 1777 2427; x_wconf 48' lang='lat'><strong>·</strong></span> 
     </span>
    </p>
   </div>
   <div class='ocr_carea' id='block_1_4' title="bbox 198 2438 1703 2859">
    <p class='ocr_par' dir='ltr' id='par_1_5' title="bbox 198 2438 1703 2859">
     <span class='ocr_line' id='line_1_32' title="bbox 200 2438 1703 2496; baseline 0.002 -14"><span class='ocrx_word' id='word_1_252' title='bbox 200 2438 451 2483; x_wconf 88' lang='lat' dir='ltr'><em>Boehmium</em></span> <span class='ocrx_word' id='word_1_253' title='bbox 506 2441 602 2496; x_wconf 86' lang='lat' dir='ltr'><em>plus</em></span> <span class='ocrx_word' id='word_1_254' title='bbox 654 2441 855 2484; x_wconf 85' lang='lat' dir='ltr'><em>tribuisse</em></span> <span class='ocrx_word' id='word_1_255' title='bbox 902 2439 1006 2482; x_wconf 88' lang='lat' dir='ltr'><em>vitio</em></span> <span class='ocrx_word' id='word_1_256' title='bbox 1058 2441 1169 2496; x_wconf 87' lang='lat' dir='ltr'><em>quod</em></span> <span class='ocrx_word' id='word_1_257' title='bbox 1215 2442 1260 2483; x_wconf 91' lang='lat' dir='ltr'><em>in</em></span> <span class='ocrx_word' id='word_1_258' title='bbox 1308 2443 1522 2486; x_wconf 82' lang='lat' dir='ltr'><em>sententia</em></span> <span class='ocrx_word' id='word_1_259' title='bbox 1567 2443 1703 2488; x_wconf 85' lang='lat' dir='ltr'><em>inesse</em></span> 
     </span>
     <span class='ocr_line' id='line_1_33' title="bbox 203 2512 1700 2570; baseline 0.003 -16"><span class='ocrx_word' id='word_1_260' title='bbox 203 2512 399 2566; x_wconf 86' lang='lat' dir='ltr'><em>putabat,</em></span> <span class='ocrx_word' id='word_1_261' title='bbox 441 2526 569 2568; x_wconf 85' lang='lat' dir='ltr'><em>quam</em></span> <span class='ocrx_word' id='word_1_262' title='bbox 610 2513 810 2556; x_wconf 85' lang='lat' dir='ltr'><em>licentiae</em></span> <span class='ocrx_word' id='word_1_263' title='bbox 847 2514 1048 2556; x_wconf 89' lang='lat' dir='ltr'><em>metricae</em></span> <span class='ocrx_word' id='word_1_264' title='bbox 1089 2527 1139 2555; x_wconf 88' lang='lat' dir='ltr'><em>ex</em></span> <span class='ocrx_word' id='word_1_265' title='bbox 1172 2514 1302 2568; x_wconf 87' lang='lat' dir='ltr'><em>ipsius</em></span> <span class='ocrx_word' id='word_1_266' title='bbox 1335 2514 1475 2557; x_wconf 87' lang='lat' dir='ltr'><em>verbis</em></span> <span class='ocrx_word' id='word_1_267' title='bbox 1508 2516 1700 2570; x_wconf 83' lang='lat' dir='ltr'><em>apparet.</em></span> 
     </span>
     <span class='ocr_line' id='line_1_34' title="bbox 198 2581 1702 2642; baseline 0 -16"><span class='ocrx_word' id='word_1_268' title='bbox 198 2581 348 2639; x_wconf 86' lang='lat' dir='ltr'><em>Neque</em></span> <span class='ocrx_word' id='word_1_269' title='bbox 382 2599 480 2628; x_wconf 86' lang='lat' dir='ltr'><em>vero</em></span> <span class='ocrx_word' id='word_1_270' title='bbox 512 2585 770 2628; x_wconf 87' lang='lat' dir='ltr'><em>sententiam</em></span> <span class='ocrx_word' id='word_1_271' title='bbox 803 2588 917 2628; x_wconf 85' lang='lat' dir='ltr'><em>stare</em></span> <span class='ocrx_word' id='word_1_272' title='bbox 950 2586 1210 2642; x_wconf 83' lang='lat' dir='ltr'><em>negaverim.</em></span> <span class='ocrx_word' id='word_1_273' title='bbox 1263 2583 1428 2628; x_wconf 88' lang='lat' dir='ltr'><em>Nomen</em></span> <span class='ocrx_word' id='word_1_274' title='bbox 1457 2584 1568 2627; x_wconf 88' lang='lat' dir='ltr'><em>enim</em></span> <span class='ocrx_word' id='word_1_275' title='bbox 1594 2584 1702 2627; x_wconf 89' lang='lat' dir='ltr'><em>illud</em></span> 
     </span>
     <span class='ocr_line' id='line_1_35' title="bbox 199 2653 1702 2713; baseline 0.001 -16"><span class='ocrx_word' id='word_1_276' title='bbox 199 2657 329 2699; x_wconf 84' lang='lat' dir='ltr'><em>saltus</em></span> <span class='ocrx_word' id='word_1_277' title='bbox 360 2655 520 2712; x_wconf 88' lang='lat' dir='ltr'><em>duplici</em></span> <span class='ocrx_word' id='word_1_278' title='bbox 552 2657 593 2699; x_wconf 90' lang='lat' dir='ltr'><em>vi</em></span> <span class='ocrx_word' id='word_1_279' title='bbox 625 2657 670 2699; x_wconf 90' lang='lat' dir='ltr'><em>in</em></span> <span class='ocrx_word' id='word_1_280' title='bbox 704 2657 783 2701; x_wconf 91' lang='lat' dir='ltr'><em>hoc</em></span> <span class='ocrx_word' id='word_1_281' title='bbox 815 2658 1002 2700; x_wconf 87' lang='lat' dir='ltr'><em>carmine</em></span> <span class='ocrx_word' id='word_1_282' title='bbox 1034 2653 1287 2713; x_wconf 84' lang='lat' dir='ltr'><em>usurpatur:</em></span> <span class='ocrx_word' id='word_1_283' title='bbox 1330 2657 1372 2699; x_wconf 87' lang='lat' dir='ltr'><em>in</em></span> <span class='ocrx_word' id='word_1_284' title='bbox 1405 2658 1546 2712; x_wconf 88' lang='lat' dir='ltr'><em>priore</em></span> <span class='ocrx_word' id='word_1_285' title='bbox 1579 2670 1702 2698; x_wconf 87' lang='lat' dir='ltr'><em>versu</em></span> 
     </span>
     <span class='ocr_line' id='line_1_36' title="bbox 199 2727 1699 2786; baseline 0 -16"><span class='ocrx_word' id='word_1_286' title='bbox 199 2730 265 2770; x_wconf 86' lang='lat' dir='ltr'><em>est</em></span> <span class='ocrx_word' id='word_1_287' title='bbox 287 2727 519 2783; x_wconf 88' lang='lat' dir='ltr'><em>praedium,</em></span> <span class='ocrx_word' id='word_1_288' title='bbox 544 2729 762 2784; x_wconf 86' lang='lat' dir='ltr'><em>possessio,</em></span> <span class='ocrx_word' id='word_1_289' title='bbox 787 2743 895 2784; x_wconf 89' lang='lat' dir='ltr'><em>quae</em></span> <span class='ocrx_word' id='word_1_290' title='bbox 917 2729 1025 2772; x_wconf 87' lang='lat' dir='ltr'><em>varii</em></span> <span class='ocrx_word' id='word_1_291' title='bbox 1047 2729 1215 2786; x_wconf 85' lang='lat' dir='ltr'><em>generis</em></span> <span class='ocrx_word' id='word_1_292' title='bbox 1237 2743 1364 2786; x_wconf 83' lang='lat' dir='ltr'><em>agros</em></span> <span class='ocrx_word' id='word_1_293' title='bbox 1386 2727 1699 2784; x_wconf 83' lang='lat' dir='ltr'><em>complectitur,</em></span> 
     </span>
     <span class='ocr_line' id='line_1_37' title="bbox 200 2799 1701 2859; baseline 0 -17"><span class='ocrx_word' id='word_1_294' title='bbox 200 2799 244 2842; x_wconf 86' lang='lat' dir='ltr'><em>in</em></span> <span class='ocrx_word' id='word_1_295' title='bbox 266 2799 403 2843; x_wconf 89' lang='lat' dir='ltr'><em>altero</em></span> <span class='ocrx_word' id='word_1_296' title='bbox 425 2813 549 2843; x_wconf 87' lang='lat' dir='ltr'><em>versu</em></span> <span class='ocrx_word' id='word_1_297' title='bbox 571 2801 746 2857; x_wconf 88' lang='lat' dir='ltr'><em>propria</em></span> <span class='ocrx_word' id='word_1_298' title='bbox 762 2801 1074 2858; x_wconf 86' lang='lat' dir='ltr'><em>significatione</em></span> <span class='ocrx_word' id='word_1_299' title='bbox 1092 2801 1142 2844; x_wconf 90' lang='lat' dir='ltr'><em>de</em></span> <span class='ocrx_word' id='word_1_300' title='bbox 1165 2801 1271 2845; x_wconf 88' lang='lat' dir='ltr'><em>certi</em></span> <span class='ocrx_word' id='word_1_301' title='bbox 1293 2801 1512 2845; x_wconf 88' lang='lat' dir='ltr'><em>cuiusdam</em></span> <span class='ocrx_word' id='word_1_302' title='bbox 1533 2801 1701 2859; x_wconf 87' lang='lat' dir='ltr'><em>generis</em></span> 
     </span>
    </p>
   </div>
  </div>
 </body>
</html>
