1950 3256
983 222 1037 265 61

264 345 431 400 ponunt
461 341 575 385 enim
607 341 754 386 eodem
782 342 874 385 loco
906 342 1014 384 illud
1047 356 1105 394 os,
1145 354 1195 383 ex
1226 354 1310 395 quo
1341 331 1575 395 pronomen
1607 341 1672 382 hic
1706 339 1767 382 ei-

265 414 389 459 omne
416 439 470 446 —
511 416 556 457 et
594 416 742 470 postea
784 413 891 457 illud
931 429 998 466 0³,
1036 413 1148 469 quod
1185 412 1228 454 in
1261 410 1301 452 D
1342 426 1367 454 a
1398 409 1513 456 Ricc.
1545 413 1680 463 extat,
1713 411 1768 454 ab

263 486 574 542 interpolatore
612 485 805 528 additum
836 500 954 537 esse;
1006 488 1083 529 aut
1113 484 1214 541 quia
1245 484 1287 526 in
1320 497 1421 526 voce
1452 498 1498 526 os
1528 482 1674 538 aliqua
1706 482 1768 525 vis

265 557 407 614 posita
439 559 526 609 est,
564 558 618 601 ob
658 572 753 600 eam
783 572 955 601 causam
986 556 1125 612 primo
1157 555 1372 599 enuntiati
1402 554 1494 598 loco
1527 554 1770 610 ponendam

266 643 356 673 esse
400 631 669 673 censuerunt.
731 628 813 672 Sed
859 629 967 672 illud
1007 628 1120 684 quod
1160 627 1278 684 prius
1309 626 1452 683 posui,
1491 628 1556 668 hic
1586 640 1638 668 ex
1668 639 1769 669 voce

267 715 314 744 os
358 703 502 744 ortum
533 716 639 753 esse,
686 716 769 744 non
809 715 1012 758 magnam
1051 700 1182 743 habet
1220 698 1596 754 probabilitatcm3
1633 712 1770 753 neque

267 773 408 816 altera
446 788 573 817 causa
614 773 819 817 eiusmodi
859 776 944 824 est,
991 775 1041 815 ut
1078 772 1265 814 multum
1301 770 1339 813 ei
1369 770 1573 814 tribuam.
1635 769 1770 812 Immo

269 847 370 901 apte
412 845 646 901 praemisso
686 845 857 889 nomine
896 847 1046 896 dentis,
1093 843 1206 899 quod
1243 857 1329 885 non
1366 841 1645 898 premendum
1691 844 1770 893 est,

270 916 378 960 haec
410 916 494 959 duo
524 931 571 960 os
614 919 659 959 et
693 918 1008 972 sesquipedalis,
1047 915 1092 958 in
1122 915 1275 970 quibus
1307 916 1400 956 tota
1430 913 1642 970 oppositio
1671 928 1772 957 con-

269 988 448 1041 tinetur,
480 989 602 1032 iuxta
634 989 736 1044 poni
767 988 979 1031 videntur.
1025 985 1084 1029 Et
1114 988 1180 1029 est
1210 1001 1293 1042 quo
1324 989 1548 1042 praeterea
1579 985 1649 1029 hie
1669 985 1772 1029 ordo

270 1059 539 1103 defendatur.
587 1060 701 1104 Nam
730 1062 767 1106 si
798 1059 945 1102 eadem
975 1073 1058 1102 vox
1088 1060 1131 1102 in
1164 1058 1311 1101 eodem
1340 1072 1465 1100 versu
1486 1057 1551 1101 bis
1571 1057 1771 1110 habetur,

270 1131 534 1188 elegantiam
573 1131 789 1186 quandam
834 1133 986 1186 poetae
1025 1132 1270 1186 capessunt,
1313 1130 1539 1172 verborum
1577 1129 1772 1173 ordinem

270 1203 332 1246 sic
362 1203 651 1254 instituentes»,
682 1204 733 1244 ut
754 1202 868 1245 vocis
887 1202 1003 1245 illius
1026 1202 1218 1258 syllabae
1239 1201 1430 1244 diversae
1450 1201 1605 1244 ictibus
1627 1216 1772 1245 versus

273 1274 444 1318 icantur
489 1274 543 1317 cf.
581 1273 707 1329 Prop.
751 1288 831 1317 em.
870 1273 1169 1317 Lachmannus
1207 1273 1323 1329 Lips.
1364 1273 1480 1316 1816
1511 1288 1553 1329 p.
1592 1274 1672 1316 111
1707 1288 1771 1329 sq.

273 1345 384 1388 Mihi
412 1345 548 1401 igitur
586 1346 621 1388 is
662 1346 764 1388 ordo
803 1346 1034 1389 servandus
1065 1346 1255 1397 videtur,
1294 1359 1422 1400 quem
1451 1345 1496 1388 in
1530 1345 1567 1388 D
1600 1361 1625 1388 a
1659 1345 1771 1390 Ricc.

271 1417 491 1468 habemus,
531 1419 662 1460 dentis
700 1432 746 1460 os
783 1420 1092 1473 sesquipedalis.
1154 1417 1247 1460 Iam
1277 1416 1512 1472 quaeritur,
1552 1419 1698 1460 utrum
1728 1433 1775 1461 os

272 1489 319 1532 in
364 1489 437 1531 hisv
479 1489 601 1532 libris
648 1489 910 1533 correctione
955 1492 1099 1532 ortum
1138 1490 1194 1531 sit
1233 1504 1289 1532 an
1328 1487 1550 1532 traditum.
1626 1489 1687 1531 Et
1725 1491 1775 1532 ut

273 1561 550 1604 concedamus
588 1576 671 1604 non
705 1562 852 1619 magni
882 1562 1012 1605 fuisse
1042 1561 1203 1618 negotii
1240 1560 1470 1604 divinando
1499 1561 1543 1604 id
1574 1562 1774 1616 reperire,

274 1636 420 1676 tamen
455 1634 676 1676 verborum
710 1634 812 1677 ordo
842 1633 1016 1690 elegans
1045 1637 1089 1677 et
1119 1633 1250 1676 verba
1281 1633 1598 1676 constructione
1628 1647 1776 1690 gram-

275 1704 433 1748 matica
464 1705 690 1748 coniuncta
721 1705 967 1762 disiungens
997 1705 1041 1749 id
1072 1706 1241 1749 videtur
1271 1706 1459 1749 indicare
1490 1720 1632 1748 vocem
1654 1706 1774 1749 illam

277 1790 365 1819 non
396 1791 423 1819 a
453 1779 692 1820 correctore
723 1776 915 1820 additam
945 1791 1048 1821 esse.
1093 1777 1203 1828 Quid
1234 1778 1285 1821 de
1316 1777 1458 1834 priore
1478 1791 1624 1820 versus
1650 1780 1776 1833 parte

278 1847 550 1891 iudicandum
582 1848 652 1901 sit,
684 1852 830 1891 utrum
852 1851 1043 1903 praestet
1074 1850 1209 1894 eicere
1229 1864 1374 1893 vocem
1396 1857 1455 1893 esi
1477 1864 1532 1892 an
1554 1852 1632 1902 hic,
1664 1850 1774 1893 nihil

278 1918 384 1962 facit
416 1919 470 1963 ad
501 1933 592 1961 rem
631 1922 835 1964 nostram.
898 1918 1008 1963 Mihi
1043 1923 1189 1964 tamen
1219 1922 1484 1978 probabilius
1516 1922 1685 1965 videtur
1716 1930 1777 1966 est

277 1989 423 2042 eicere,
456 1992 597 2033 totum
629 1991 765 2048 igitur
796 2006 965 2035 versum
997 1993 1057 2036 sic
1088 1993 1292 2036 scribere:

491 2063 599 2105 Nam
630 2068 716 2106 siue
747 2066 933 2107 dentibus
961 2065 1040 2106 hic.
1094 2067 1237 2108 Dentis
1269 2080 1315 2109 os
1343 2067 1652 2121 sesquipedalis.

278 2130 390 2175 Nam
421 2136 546 2176 estet
576 2134 745 2178 facilius
775 2150 902 2191 quam
934 2138 1001 2178 hic
1031 2135 1129 2178 addi
1159 2139 1332 2191 poterat
1353 2137 1462 2181 etin
1483 2138 1777 2193 praecedenti-

281 2204 360 2246 bus
390 2205 582 2249 versibus
614 2221 640 2249 a
669 2209 796 2262 poeta
828 2208 1030 2250 omissum
1059 2209 1137 2249 est.

397 2275 556 2328 Quodsi
593 2278 857 2333 probabilem
887 2279 933 2321 in
973 2279 1143 2322 modum
1176 2278 1227 2322 de
1257 2279 1325 2322 his
1355 2279 1459 2323 locis
1489 2281 1776 2335 disseruimus,

278 2348 432 2404 quibus
469 2364 495 2391 a
526 2347 565 2390 G
596 2364 696 2392 vera
727 2350 942 2406 scriptura
972 2351 1112 2403 aboet,
1152 2350 1196 2394 in
1230 2351 1270 2393 D
1302 2353 1427 2394 extat
1462 2367 1600 2408 neque
1631 2355 1776 2396 tamen

280 2419 510 2462 correctori
540 2419 685 2463 deberi
715 2422 898 2474 videtur,
929 2421 1038 2465 illud
1067 2423 1155 2465 iam
1184 2422 1286 2465 hinc
1316 2423 1513 2466 effectum
1545 2427 1611 2467 est
1630 2424 1670 2466 D
1693 2440 1776 2468 non

284 2505 336 2533 ex
367 2490 405 2533 G
436 2491 508 2534 sed
539 2506 616 2535 sua
649 2492 716 2535 via
748 2507 800 2535 ex
830 2492 871 2535 V
902 2493 1141 2537 derivatum
1174 2509 1277 2538 esse.

399 2561 519 2605 Idem
556 2566 700 2606 autem
738 2565 867 2607 etiam
906 2565 1003 2608 aliis
1038 2566 1291 2621 quibusdam
1330 2566 1432 2609 locis
1472 2567 1694 2624 colligitur
1725 2583 1776 2610 ex

282 2634 451 2677 collatis
482 2634 670 2677 codicum
705 2636 948 2691 scripturis:

404 2705 455 2749 In
489 2720 613 2747 versu
644 2708 755 2749 enim
790 2708 942 2760 65,14:

497 2779 674 2820 Daulias
705 2781 909 2835 absumpti
938 2783 1033 2835 sala
1063 2796 1224 2835 qemens
1257 2783 1353 2838 Ityli

284 2863 367 2891 vox
398 2850 573 2890 Daulias
611 2851 727 2892 varic
767 2852 810 2893 in
847 2852 1058 2894 codicibus
1093 2857 1295 2909 corrupta
1326 2857 1404 2896 est.
1466 2853 1722 2910 Incipiamus
1753 2871 1777 2898 a
