1950 3256
968 191 1024 235 66

239 309 452 352 codicibus
471 310 584 361 fisus,
603 311 748 352 tamen
767 310 1078 353 concedendum
1100 314 1164 352 est
1181 310 1338 355 iniuria
1357 327 1451 356 eum
1472 314 1537 356 his
1561 316 1744 358 testibus

241 380 367 423 fidem
378 380 590 425 habuisse.
616 380 729 425 Nam
747 383 846 436 post
863 379 942 424 Sch
950 382 1077 425 wabii
1093 382 1144 425 de
1162 383 1404 428 nominibus
1421 386 1583 429 Catulli
1599 387 1745 443 dispu-

241 452 452 496 tationem
463 448 646 510 (quaest.
660 453 704 495 C.
716 468 756 509 p.
771 454 796 496 8
808 455 902 511 sq.)‚
921 453 1095 497 dubium
1114 470 1196 497 non
1215 458 1292 507 est,
1311 456 1415 512 quin
1436 457 1542 500 illud
1559 459 1744 510 Quintus,

239 526 351 580 quod
390 523 606 568 XXXVII
640 526 737 578 6‚81
782 526 827 568 in
868 527 1084 570 nonnullis
1119 527 1250 570 Plinii
1289 529 1501 572 codicibus
1533 532 1658 574 extat
1689 554 1746 562 --

240 599 293 641 ab
327 598 424 641 aliis
457 598 570 640 enim
602 598 707 641 illud
739 613 999 653 praenomen
1031 601 1154 643 abest
1189 626 1239 632 —
1266 616 1408 644 errore
1440 605 1582 644 ortum
1614 603 1670 645 sit
1702 605 1746 645 et

239 685 290 714 ex
323 670 388 713 his
420 671 528 713 idem
558 685 816 726 praenomen
840 671 894 714 ab
916 669 1039 714 Italis
1064 672 1162 714 libri
1186 672 1223 714 D
1247 673 1515 729 inscriptioni
1537 674 1742 718 additum.

239 742 343 785 Inde
375 742 502 784 simul
534 743 727 798 sequitur
759 744 1046 786 coniecturam
1083 746 1250 796 Quinte,
1284 760 1413 800 quam
1445 745 1745 790 Lachmannus

241 814 372 866 67‚12
414 815 749 867 commendavit,
790 816 960 870 probari
1001 831 1087 859 non
1121 831 1252 871 posse.
1316 816 1397 860 Sed
1431 818 1533 861 haec
1565 834 1631 862 res
1662 834 1744 862 non

241 887 294 930 ad
316 886 355 929 D
388 887 525 929 solum
558 887 760 941 pertinet,
794 890 838 929 et
871 887 1067 930 dubitare
1101 888 1214 939 licet,
1238 905 1338 932 num
1364 889 1678 942 Lachmannus‚
1710 892 1745 934 si

241 959 366 1002 unius
389 958 428 1000 D
451 959 697 1003 testimonio
728 975 986 1016 praenomen
1016 960 1121 1002 illud
1145 961 1352 1003 traditum
1376 962 1539 1014 fuisset,
1575 962 1745 1006 Datano

243 1030 321 1073 soli
354 1031 434 1074 hac
466 1031 510 1073 in
545 1046 588 1073 re
620 1032 744 1075 fidem
780 1032 1006 1075 habiturus
1040 1033 1183 1075 fuerit.

360 1091 526 1159 Neque>
555 1107 698 1147 tamen
748 1105 897 1161 negari
945 1107 1088 1160 potest
1128 1105 1170 1146 in
1211 1105 1301 1160 ipso
1341 1099 1580 1154 carminum
1621 1110 1744 1151 textu

242 1175 567 1219 Lachmannum
617 1176 719 1219 locis
763 1177 983 1220 nonnullis
1023 1177 1184 1220 Datani
1226 1179 1438 1234 scriptura
1476 1178 1683 1222 confisum
1721 1195 1745 1223 a

242 1263 340 1294 vero
373 1249 602 1292 aberrasse.
653 1248 718 1292 De
747 1250 900 1305 quibus
932 1250 1016 1293 iam
1050 1250 1303 1293 disserentes
1334 1251 1549 1306 plerisque
1581 1266 1745 1294 correc-

241 1326 378 1366 torem
411 1321 785 1378 deprehendemus.

366 1394 478 1446 1‚—8
479 1394 559 1436 -10

460 1469 599 1519 Quare
630 1469 735 1510 habe
767 1469 838 1509 libi
871 1468 1069 1522 quidquid
1100 1469 1176 1509 hoc
1208 1469 1330 1508 libelli

460 1541 763 1594 Qualecumque
795 1541 905 1594 quod
935 1546 1118 1593 patrona
1149 1541 1266 1594 viryo

457 1614 553 1654 Plus
584 1627 665 1654 uno
697 1618 864 1654 maneat
894 1626 1071 1665 perenne
1103 1613 1252 1653 saeclo.

361 1685 551 1727 Primum
583 1684 735 1726 horum
768 1698 982 1733 versuum,
1024 1683 1064 1724 in
1107 1698 1190 1738 quo
1223 1698 1275 1725 ex
1305 1683 1493 1725 codicum
1526 1683 1739 1738 scriptura

240 1760 312 1799 libi
342 1758 447 1799 habe
477 1758 661 1798 metrum
694 1755 919 1797 turbatum
951 1758 1027 1806 est,
1067 1754 1170 1797 Itali
1201 1754 1472 1810 transpositis
1506 1754 1571 1796 his
1604 1755 1754 1806 verbis!

240 1831 516 1872 sanaverunt.
563 1827 614 1869 In
646 1827 782 1869 altero
807 1826 845 1868 D
878 1842 962 1869 non
995 1829 1104 1882 qaod
1135 1827 1206 1869 sed
1231 1828 1390 1881 quidem
1412 1826 1599 1876 exhibet,
1634 1826 1742 1870 idem

241 1900 286 1943 in
319 1901 455 1943 altero
478 1899 769 1942 Laurentiano
803 1916 828 1941 a
851 1900 1031 1942 secunda
1053 1914 1181 1941 manu
1205 1899 1456 1942 restitutum
1478 1901 1554 1940 est.
1606 1898 1745 1942 Lach-

242 1987 421 2016 mannus
454 1974 626 2028 recepta
649 1971 812 2014 Datani
845 1972 1058 2026 scriptura
1090 1971 1193 2014 duos
1227 1985 1370 2014 versus
1393 1969 1660 2012 intercidisse
1692 1970 1761 2013 ob'

241 2044 603 2099 computationem
635 2058 755 2086 suam
793 2043 1017 2099 archetypi
1058 2043 1312 2099 paginarum
1355 2042 1496 2097 posuit
1536 2042 1589 2085 ad
1635 2041 1744 2085 bunc

242 2116 431 2160 modum:

461 2190 600 2240 Quare
633 2189 736 2229 habe
769 2187 840 2229 libi
874 2188 1067 2241 quicquid
1098 2189 1174 2229 hoc
1206 2188 1328 2228 libelli

461 2333 751 2386 Qualeczmque
790 2332 949 2385 quidem

813 2409 996 2456 patrona
1028 2404 1158 2456 nimo,

460 2477 557 2517 Plus
589 2489 668 2517 uno
701 2482 866 2517 maneat
897 2488 1074 2528 perenne
1106 2473 1254 2514 saeclo.

242 2545 324 2589 Sed
355 2547 621 2602 computatio
666 2546 742 2588 illa
781 2546 909 2588 etiam
946 2548 1037 2587 tum
1072 2547 1185 2587 stare
1217 2544 1390 2598 poterit,
1422 2543 1456 2586 si
1491 2544 1635 2586 nullus
1667 2543 1746 2586 hoc

242 2619 333 2661 loco
365 2618 553 2661 defectus
585 2618 807 2661 statuitur.
858 2617 1154 2660 Lachmannus
1188 2616 1297 2658 enim
1320 2614 1590 2670 inscriptioni
1611 2615 1746 2658 totius

243 2689 343 2732 libri
390 2704 520 2731 unum
564 2693 736 2732 tantum
776 2689 930 2732 tribuit
970 2703 1158 2740 versum,
1207 2703 1301 2731 cum
1341 2691 1483 2730 tamen
1522 2686 1746 2742 quominus

243 2764 331 2803 tres
362 2761 400 2803 ei
446 2762 567 2804 daret
609 2760 717 2803 nihil
750 2761 956 2804 obstaret.
1021 2758 1171 2814 Neque
1203 2760 1247 2802 in
1279 2758 1418 2801 verbis
1450 2757 1552 2812 ipsis
1584 2755 1746 2811 aliquid

243 2833 367 2883 inest,
400 2833 453 2874 ob
486 2833 598 2887 quod
630 2832 842 2875 defectum
874 2831 1080 2887 suspicari
1113 2832 1255 2873 liceat.
1310 2829 1421 2872 Nam
1455 2831 1745 2883 qualecumque
